period,accountsPayable,accruedExpenses,additionalPaidInCapital,cashDuefromBanks,commonStockTotal,customerLiabilityAcceptances,deferredIncomeTax,goodwillNet,intangiblesNet,longTermDebt,longTermInvestments,minorityInterest_x,netLoans,otherAssetsTotal,otherCurrentliabilitiesTotal,otherEarningAssetsTotal,otherEquityTotal,otherLiabilitiesTotal,otherLongTermAssetsTotal,propertyPlantEquipmentTotalNet,retainedEarnings,tangibleBookValueperShare,totalAssets,totalCommonSharesOutstanding,totalDebt,totalDeposits,totalEquity,totalLiabilities,totalLiabilitiesShareholdersEquity,totalLongTermDebt,totalShortTermBorrowings,unrealizedGainLoss,dilutedAverageShares,dilutedEPS,interestIncomeBank,loanLossProvision,minorityInterest_y,netIncome,netIncomeAfterTaxes,netIncomeBeforeTaxes,netInterestIncAfterLoanLossProv,netInterestIncome,nonInterestExpenseBank,nonInterestIncomeBank,provisionforIncomeTaxes,totalAdjustmentstoNetIncome,totalInterestExpense,capitalExpenditures,cashInterestPaid,cashTaxesPaid,cashfromFinancingActivities,cashfromInvestingActivities,cashfromOperatingActivities,changesinWorkingCapital,depreciationDepletion,financingCashFlowItems,foreignExchangeEffects,issuanceRetirementofDebtNet,issuanceRetirementofStockNet,netChangeinCash,netIncomeStartingLine,nonCashItems,otherInvestingCashFlowItemsTotal,totalCashDividendsPaid,ticker,market,accountsReceivableTradeNet,accumulatedDepreciationTotal,cashEquivalents,cashandShortTermInvestments,currentPortofLTDebtCapitalLeases,noteReceivableLongTerm,notesPayableShortTermDebt,otherCurrentAssetsTotal,otherReceivables,prepaidExpenses,propertyPlantEquipmentTotalGross,totalCurrentAssets,totalCurrentLiabilities,totalInventory,totalReceivablesNet,costofRevenueTotal,depreciationAmortization,gainLossonSaleofAssets,grossProfit,interestExpIncNetOperatingTotal,interestIncExpNetNonOperatingTotal,operatingIncome,otherNonOperatingIncExpNet,otherOperatingExpensesTotal,revenue,sellingGeneralAdminExpensesTotal,totalOperatingExpense,unusualExpenseIncome,cash,shortTermInvestments,treasuryStockCommon,insuranceReceivables,policyLiabilities,amortizationofPolicyAcquisitionCosts,lossesBenefitsandAdjustmentsTotal,netInvestmentIncome,otherRevenueTotal,totalPremiumsEarned,cashPayments,cashReceipts,researchDevelopment,minorityInterest,payableAccrued,amortization
2020-06-30,4635.0,2238.0,,212247.69999999998,8622.0,,2147.0,,8986.0,1154154.0,285.0,,2122012.0,24085.0,,1650664.31,6697.0,1240976.0,2655.0,13379.0,149181.0,182.40019,4061603.0,852.59779,1159295.0,1487812.0,164500.0,3897103.0,4061603.0,1159295.0,,,847.69231,2.6,15938.0,1099.0,,2325.0,2325.0,3112.0,6478.0,7577.0,-34054.0,30688.0,787.0,-121.0,8361.0,-278.0,358.0,782.0,-6151.0,-271.0,43002.0,39497.0,,-359.0,156.0,-5792.0,,36736.0,3112.0,393.0,7.0,0.0,DANSKE.CO,CO,,,,,,,,,,,,,,,,,,,,,,,,,,,,,,,,,,,,,,,,,,,,
2020-03-31,7026.0,1814.0,,187766.59999999998,8622.0,,2179.0,,9097.0,1145607.0,295.0,,2082113.0,34231.0,,1654984.98,11670.0,1276799.0,1372.0,13690.0,146723.0,185.01316,4007691.0,853.55011,1150873.0,1401985.0,167015.0,3840676.0,4007691.0,1150873.0,,,856.77326,-1.73208,18337.0,4344.0,,-1289.0,-1289.0,-1663.0,1923.0,6267.0,-17234.0,13648.0,-374.0,-195.0,12070.0,-293.0,33.0,1795.0,9823.0,-288.0,59433.0,55400.0,,-33.0,-2730.0,9856.0,,66238.0,-1663.0,5696.0,5.0,0.0,DANSKE.CO,CO,,,,,,,,,,,,,,,,,,,,,,,,,,,,,,,,,,,,,,,,,,,,
2019-12-31,6833.0,1993.0,,143296.3,8622.0,,2172.0,,9165.0,1177643.0,341.0,,2150059.0,21345.0,,1400731.89,13865.0,1100403.0,3604.0,14084.0,148021.0,188.99153,3761050.0,853.70492,1183169.0,1295972.0,170508.0,3590542.0,3761050.0,1183169.0,,,855.82413,6.4366,18486.0,598.0,,5040.0,5040.0,1260.0,6555.0,7153.0,-25636.0,20341.0,-3780.0,-197.0,11333.0,-528.0,359.0,1368.0,8216.0,-507.0,-24060.0,-31324.0,,-359.0,945.0,8591.0,0.0,-15406.0,1260.0,6004.0,21.0,-16.0,DANSKE.CO,CO,,,,,,,,,,,,,,,,,,,,,,,,,,,,,,,,,,,,,,,,,,,,
2019-09-30,6873.0,2788.0,,152614.69999999998,8622.0,,8445.0,,11070.0,1208123.0,365.0,,2162803.0,26769.0,,1571780.41,13658.0,1237196.0,3706.0,13988.0,143184.0,180.82725,3962718.0,853.82042,1213855.0,1328097.0,165464.0,3797254.0,3962718.0,1213855.0,,,852.72727,3.3,17248.0,292.0,,3011.0,3011.0,3793.0,6540.0,6832.0,-14533.0,11786.0,782.0,-197.0,10416.0,-348.0,34.0,450.0,12501.0,-347.0,-90636.0,-96354.0,,-34.0,856.0,12525.0,,-77626.0,3793.0,1925.0,1.0,10.0,DANSKE.CO,CO,,,,,,,,,,,,,,,,,,,,,,,,,,,,,,,,,,,,,,,,,,,,
2019-06-30,5698.0,2697.0,,205789.5,8622.0,,7793.0,,11119.0,1171734.0,385.0,,2073430.0,24806.0,,1418602.85,13906.0,1082159.0,3770.0,14048.0,140460.0,177.82368,3778409.0,854.0426,1177570.0,1339504.0,162988.0,3615421.0,3778409.0,1177570.0,,,852.22222,3.20823,15925.0,221.0,,4032.0,4032.0,4757.0,6760.0,6981.0,-20191.0,18188.0,725.0,-196.0,8944.0,-432.0,358.0,1197.0,5481.0,1240.0,10006.0,5729.0,,-358.0,-1509.0,5822.0,0.0,15218.0,4757.0,-480.0,1672.0,17.0,DANSKE.CO,CO,,,,,,,,,,,,,,,,,,,,,,,,,,,,,,,,,,,,,,,,,,,,
2019-12-31,17149.0,,,,3051.0,,6503.0,,69805.0,19714.0,4364.0,2587,,,12050,,-33652.0,16392.0,1938.0,27886.0,74049.0,-178.09216,123120.0,147.99641,24991.0,,43448.0,79672.0,123120.0,20879.0,,,150.031,21.46662,,,-444,3490.0,3934.0,5375.0,,,,,1441.0,,,-2285.0,571.0,1135.0,-5786.0,-937.0,5743.0,-1320.0,2376,-1863.0,28.0,-1572.0,-2351.0,-952.0,5294.0,-607.0,1348.0,0.0,CARL-B.CO,CO,5339.0,,5222.0,5222.0,4112.0,1179.0,0.0,,1860.0,776.0,,17948.0,33311.0,4751.0,7199.0,16601.0,,-407.0,16311.0,-141.0,-170.0,6069.0,-117.0,-82.0,32912.0,11240.0,10242.0,-775.0,,,,,,,,,,,,,,,,
2019-06-30,18711.0,,,,3051.0,,20959.0,,68760.0,16740.0,7338.0,2476,,,12778,,-34550.0,,,27841.0,75706.0,-163.19511,125417.0,150.45181,26286.0,,44207.0,81210.0,125417.0,18046.0,,,152.425,19.56307,,,-464,3079.0,3543.0,4853.0,,,,,1310.0,,,-2307.0,462.0,1099.0,-4507.0,-1340.0,6496.0,-683.0,2166,-657.0,18.0,637.0,-1749.0,667.0,5171.0,-158.0,967.0,-2738.0,CARL-B.CO,CO,6878.0,,6125.0,6125.0,8240.0,,0.0,,3357.0,,,21478.0,39729.0,5118.0,10235.0,16663.0,,407.0,16327.0,-137.0,-296.0,4897.0,-155.0,-26.0,32990.0,11319.0,11430.0,274.0,,,,,,,,,,,,,,,,
2019-12-31,1018.119,,772.673,,100.2,,546.128,2335.12,2180.982,2153.807,145.499,9.449,,,939.903,,-26.971,105.292,,2500.946,2251.145,-28.83292,8492.54,49.21649,2776.602,,3097.047,5395.493,8492.54,2153.807,,,51.2767,4.34271,,,0.224,222.68,222.456,266.734,,,,,44.278,,,-115.75900000000001,11.642,145.54600000000002,-83.22400000000005,-157.312,197.2449999999999,-164.5,91.607,0.0,0.26,-21.042,-62.18199999999996,-43.03099999999999,222.4559999999999,47.68199999999996,-41.553,0.0,RBREW.CO,CO,735.864,,,71.985,622.795,,0.0,,0.0,59.471,,1329.993,2580.817,462.673,735.864,878.825,,,908.622,,-0.464,267.198,,,1787.447,641.424,641.424,,71.985,,,,,,,,,,,,,,,
2019-09-30,1157.567,,772.673,,100.2,,539.723,2288.901,2190.046,2221.672,136.942,9.673,,,1065.956,,-42.81,100.72,,2473.23,2093.919,-31.02701,8594.099,50.11649,2796.478,,2923.982,5670.117,8594.099,2221.672,,,48.42295,7.8,,,0.65,377.699,377.049,491.177,,,,,114.128,,,-84.12099999999998,8.415000000000003,25.072000000000003,-405.525,-59.990999999999985,490.778,-83.77099999999999,81.28300000000002,0.0,0.619,-293.116,-112.40899999999999,25.880999999999997,377.049,116.21700000000001,24.129999999999995,0.0,RBREW.CO,CO,804.631,,,115.016,574.806,,0.0,,0.0,58.965,,1504.98,2798.329,526.368,804.631,951.426,,,1162.546,,-0.911,492.088,,,2113.972,670.458,670.458,,115.016,,,,,,,,,,,,,,,
2019-06-30,1345.728,,772.673,,100.2,,541.105,2288.995,2181.474,2541.299,136.488,10.323,,,1174.395,,-45.405,93.514,,2491.894,1824.939,-36.04321,8906.83,50.44118,3089.358,,2652.407,6254.423,8906.83,2541.299,,,49.74628,7.8,,,0.15,388.021,387.871,499.884,,,,,112.013,,,-55.742000000000004,8.617999999999999,110.113,-819.5450000000001,-45.603999999999985,815.164,229.74299999999997,83.23899999999999,0.0,-0.33699999999999997,-96.59100000000007,-184.95800000000003,-50.321999999999996,387.87100000000004,114.311,10.138000000000034,-537.996,RBREW.CO,CO,1124.574,,,89.135,548.059,,0.0,,0.0,49.967,,1807.979,3068.182,544.303,1124.574,1041.564,,,1228.272,,0.94,498.944,,,2269.836,729.328,729.328,,89.135,,,,,,,,,,,,,,,
2020-03-31,3934.0,3,,,1025.0,,234.0,4309,2179.0,3095.0,191.0,16,,,5012,,-695.0,1109.0,1149.0,2401.0,8191.0,40.61414,22305.0,50.05646,3476.0,,8521.0,13784.0,22305.0,3277.0,,,50.105,2.05568,,,-3,98.0,106.0,150.0,,,,,44.0,,,-67.0,,89.0,-7.0,-109.0,-35.0,-304.0,,0.0,-39.0,-7.0,0.0,-190.0,319.0,-50.0,-42.0,,FLS.CO,CO,6892.0,,811.0,811.0,199.0,,0.0,,1107.0,540.0,,12076.0,9148.0,2726.0,7999.0,3478.0,173,,1047.0,,4.0,146.0,,-12,4525.0,740.0,901.0,0,,,,,,,,,,,,,,,,
2019-12-31,4350.0,4,,,1025.0,,352.0,4376,2235.0,2890.0,209.0,14,,,5370,,-328.0,1170.0,1246.0,2512.0,8082.0,43.31109,23532.0,50.05646,3493.0,,8779.0,14753.0,23532.0,3094.0,,,50.158,4.5623,,,-3,224.0,229.0,323.0,,,,,94.0,,,-146.0,,113.0,7.0,-92.0,327.0,-276.0,,0.0,-22.0,2.0,5.0,220.0,580.0,23.0,54.0,0.0,FLS.CO,CO,7680.0,,1001.0,1001.0,399.0,,0.0,,968.0,591.0,,12954.0,10123.0,2714.0,8648.0,4695.0,187,,1327.0,,-70.0,393.0,,-20,6022.0,763.0,934.0,4,,,,,,,,,,,,,,,,
2019-09-30,3819.0,8,,,1025.0,,327.0,4398,2249.0,3121.0,209.0,15,,,5733,,-217.0,1096.0,1198.0,2584.0,7881.0,40.80539,23148.0,50.04241,3461.0,,8689.0,14459.0,23148.0,3329.0,,,50.155,3.80819,,,1,191.0,190.0,284.0,,,,,94.0,,,-106.0,,57.0,-115.0,-111.0,244.0,-144.0,,0.0,8.0,-123.0,8.0,26.0,459.0,-71.0,-5.0,0.0,FLS.CO,CO,7260.0,,781.0,781.0,132.0,,0.0,0.0,1113.0,446.0,,12510.0,9692.0,2910.0,8373.0,3610.0,165,,1126.0,,-10.0,294.0,,-11,4736.0,678.0,832.0,0,,,,,,,,,,,,,,,,
2019-06-30,3914.0,8,,,1025.0,,320.0,4323,2254.0,3216.0,207.0,16,,,5921,,-394.0,1034.0,1185.0,2525.0,7666.0,34.39156,23067.0,50.01227,3557.0,,8297.0,14770.0,23067.0,3439.0,,,50.155,4.65897,,,-1,222.0,234.0,349.0,,,,,115.0,,,-88.0,,43.0,13.0,-373.0,143.0,-353.0,,1.0,-12.0,458.0,4.0,-229.0,574.0,-78.0,-285.0,-450.0,FLS.CO,CO,7269.0,,755.0,755.0,118.0,,0.0,0.0,1257.0,399.0,,12573.0,9961.0,2893.0,8526.0,4157.0,193,,1315.0,,-32.0,381.0,,-13,5472.0,753.0,934.0,1,,,,,,,,,,,,,,,,
2019-12-31,7034.0,,,,185.0,,1344.0,21257,3308.0,16308.0,336.0,24,,,10114,,-892.0,1517.0,662.0,4472.0,13421.0,-65.19827,50061.0,184.69814,17505.0,,12523.0,37538.0,50061.0,16308.0,,,186.04,5.31994,,,-9,960.0,972.0,1455.0,,,,,483.0,,,-592.0,388,11.0,-7494.0,161.0,3880.0,841.0,851,-232.0,95.0,-7262.0,,-3358.0,1872.0,316.0,753.0,0.0,ISS.CO,CO,12085.0,,2670.0,2670.0,1197.0,,0.0,1806,3190.0,,,20026.0,18345.0,275.0,15275.0,3872.0,851,,36797.0,,-312.0,1832.0,-65,9047,40669.0,25027.0,34965.0,40,,,-191.0,,,,,,,,,,,,,
2019-06-30,3430.0,,,,185.0,,1326.0,20960,3319.0,23340.0,315.0,24,,,12701,,-906.0,1678.0,803.0,4700.0,12148.0,-70.61798,54789.0,184.698,24394.0,,11236.0,43553.0,54789.0,23340.0,,,185.96,4.33278,,,-12,390.0,778.0,1038.0,,,,,260.0,,,-541.0,284,502.0,1623.0,-691.0,-1816.0,-4000.0,766,-115.0,78.0,3160.0,,-806.0,1418.0,0.0,-150.0,-1422.0,ISS.CO,CO,11527.0,,6028.0,6028.0,1054.0,,0.0,3679,3213.0,,,24692.0,17185.0,245.0,14740.0,3713.0,766,,34173.0,,-275.0,1365.0,-52,7428,37886.0,24561.0,32808.0,53,,,-191.0,,,,,,,,,,,,,
2020-06-30,,29,,,1511.0,,904.0,,7208.0,9873.0,43627.0,1.0,,3604.0,278,,-19.0,942.0,0.0,807.0,10361.0,15.39435,60252.0,301.734,11074.0,,11853.0,48399.0,60252.0,9873.0,,,301.56692,4.13175,,,,1246.0,1246.0,1539.0,,,,,293.0,,,-9.0,-24,-92.0,675.0,-1673.0,569.0,-1307.0,,0.0,8.0,579.0,96,-421.0,,,-1664.0,0.0,TRYG.CO,CO,,,,,,116,1201.0,,,,,,,,670.0,,,,,24,,1610.0,-71,-485,,152.0,3874.0,,843.0,,,3377.0,35171.0,661.0,3522.0,92.0,,5176.32,-2819.0,4811.0,,,,
2020-03-31,,35,,,1511.0,,907.0,,7156.0,11342.0,41957.0,,,4468.0,108,,-68.0,1700.0,,818.0,9015.0,10.94461,59880.0,301.701,11930.0,,10458.0,49422.0,59880.0,11342.0,,,300.68027,-1.47,,,,-442.0,-442.0,-372.0,,,,,70.0,,,-3.0,-32,-166.0,-1280.0,-287.0,1971.0,305.0,,1.0,-7.0,-159.0,-109,397.0,,,-284.0,-1013.0,TRYG.CO,CO,,,,,,147,588.0,,,,,,,,1326.0,,,,,32,,-277.0,-95,1016,,184.0,5900.0,,1265.0,,,2743.0,34742.0,644.0,4024.0,139.0,,5264.639999999999,-5363.0,7227.0,,,,
2019-12-31,,33,,,1511.0,,911.0,,7364.0,10954.0,44262.0,,,3073.0,125,,-22.0,1187.0,,885.0,10596.0,15.648,59059.0,301.69999,11665.0,,12085.0,46974.0,59059.0,10954.0,,,303.16156,2.32879,,,,705.0,706.0,940.0,,,,,234.0,,,-15.0,-44,-573.0,-415.0,1882.0,-1592.0,-768.0,,,1.0,174.0,-76,-124.0,,,1897.0,-514.0,TRYG.CO,CO,,,,,,52,711.0,,,,,,,,588.0,,,,,53,,994.0,-54,-190,,168.0,4517.0,,868.0,,,1967.0,33053.0,666.0,3820.0,132.0,,5163.84,-5129.0,4922.0,,,,
2019-09-30,,24,,,1511.0,,895.0,,7317.0,9344.0,43645.0,,,3205.0,335,,-34.0,1302.0,,951.0,10420.0,15.16145,59169.0,302.082,9836.0,,11897.0,47272.0,59169.0,9344.0,,,301.12503,1.99253,,,,599.0,600.0,779.0,,,,,179.0,,,-54.0,-44,-9.0,-472.0,-954.0,1810.0,134.0,,0.0,-2.0,40.0,2,382.0,,,-900.0,-514.0,TRYG.CO,CO,,,,,,69,492.0,,,,,,,,684.0,,,,,44,,872.0,-93,63,,206.0,4689.0,,992.0,,,2306.0,34880.0,600.0,3776.0,137.0,,5207.04,-3294.0,5023.0,,,,
2019-06-30,,30,,,1511.0,,917.0,,7271.0,7971.0,42574.0,,,3096.0,312,,-24.0,1030.0,24.0,923.0,10395.0,15.26407,57919.0,302.082,8383.0,,11882.0,46037.0,57919.0,7971.0,,,301.93579,2.58995,,,,782.0,782.0,979.0,,,,,197.0,,,25.0,-45,-116.0,-578.0,68.0,671.0,-425.0,,-1.0,-2.0,-112.0,48,159.0,,,43.0,-513.0,TRYG.CO,CO,,,,,,183,412.0,,,,,,,,645.0,,,,,45,,1084.0,-105,-63,,178.0,4309.0,,610.0,,,2593.0,35365.0,625.0,3524.0,118.0,,5064.0,-3769.0,5026.0,,,,
2020-03-31,2337.0,,,,100.0,,155.0,4352,2972.0,3373.0,279.0,,,,2454,,813.0,278.0,706.0,5910.0,5105.0,-40.27929,19529.0,91.66,10673.0,,3632.0,15897.0,19529.0,5840.0,,,80.0,3.23438,,,,-23.0,-23.0,-30.0,,,,,-7.0,-1.0,,-118.0,47,76.0,-419.0,-124.0,55.0,-445.0,530,0.0,-29.0,838.0,-431,-517.0,-30.0,0.0,-6.0,-826.0,PNDORA.CO,CO,1081.0,,,537.0,4833.0,,0.0,281,1256.0,,,5310.0,9624.0,2155.0,2337.0,942.0,,,3230.0,,-234,204.0,,-1.0,4172.0,2592.0,3026.0,435,537.0,,-2386.0,,,,,,,,,,,,,
2019-12-31,3095.0,,,,100.0,,235.0,4416,3029.0,5158.0,290.0,,,,2682,,1167.0,279.0,676.0,6595.0,5946.0,-23.63082,21571.0,92.92948,10031.0,,5249.0,16322.0,21571.0,7962.0,,,95.69796,22.21326,,,,1741.0,1741.0,2276.0,,,,,535.0,,,-212.0,43,649.0,-2822.0,-191.0,3204.0,355.0,560,1.0,-3.0,-2223.0,-600,188.0,2276.0,13.0,21.0,0.0,PNDORA.CO,CO,1643.0,,,1054.0,2069.0,,0.0,260,1471.0,,,6565.0,7846.0,2137.0,3114.0,1721.0,,,6235.0,,-27,2303.0,,-1.0,7956.0,3730.0,3932.0,203,1054.0,,-1964.0,,,,,,,,,,,,,
2019-09-30,2222.0,,,,100.0,,359.0,4418,3070.0,4008.0,314.0,,,,2746,,1298.0,250.0,1032.0,6866.0,4203.0,-35.27008,21968.0,92.17445,12154.0,,4237.0,17731.0,21968.0,6963.0,,,108.18182,5.44315,,,,-119.0,-119.0,-154.0,,,,,-35.0,,,-186.0,40,72.0,-1059.0,-180.0,1209.0,701.0,718,-56.0,7.0,392.0,-535,-23.0,-154.0,-56.0,6.0,-860.0,PNDORA.CO,CO,1256.0,,,866.0,5191.0,,0.0,372,939.0,,,6268.0,10159.0,2835.0,2195.0,947.0,,,3468.0,,45,-198.0,-1.0,,4415.0,2945.0,3666.0,721,866.0,,-1364.0,,,,,,,,,,,,,
2019-06-30,1632.0,,,,100.0,,420.0,4351,3209.0,3407.0,313.0,,,,2124,,1090.0,278.0,968.0,6929.0,4797.0,-22.04515,21533.0,92.17445,11551.0,,5528.0,16005.0,21533.0,6456.0,,,99.24528,7.72754,,,,526.0,526.0,679.0,,,,,153.0,,,-170.0,44,148.0,-1294.0,-171.0,1539.0,75.0,527,-2.0,-4.0,-735.0,-557,70.0,679.0,258.0,-1.0,0.0,PNDORA.CO,CO,1124.0,,,890.0,5095.0,,0.0,250,890.0,,,5763.0,8851.0,2609.0,2014.0,1123.0,,,3570.0,,-85,764.0,,,4693.0,2739.0,2806.0,67,890.0,,-459.0,,,,,,,,,,,,,
2020-03-31,1078.0,,,,570.0,,907.0,963,937.0,3515.0,59.0,12,,,1848,,66.0,102.0,1151.0,10103.0,10116.0,31.42142,20423.0,281.71865,5724.0,,10752.0,9671.0,20423.0,3954.0,,,283.4,2.87579,,,0,815.0,815.0,1019.0,,,,,204.0,,,-138.0,16,290.0,-607.0,-138.0,963.0,-538.0,,,-3.0,913.0,-38,215.0,815.0,686.0,0.0,-1482.0,NZYM-B.CO,CO,3089.0,,926.0,949.0,1770.0,30,0.0,23.0,559.0,,,7180.0,4696.0,2560.0,3648.0,1626.0,,,2160.0,,-72,1095.0,-4,-23,3786.0,628.0,1065.0,,,23,,,,,,,,,,,460.0,,,
2019-12-31,1117.0,,,,582.0,,879.0,965,961.0,2706.0,59.0,12,,,2075,,76.0,184.0,1161.0,10212.0,10810.0,33.91666,20437.0,281.33668,4702.0,,11468.0,8969.0,20437.0,3159.0,,,283.40519,3.25329,,,0,922.0,922.0,1059.0,,,,,137.0,,,-421.0,17,666.0,-87.0,-418.0,572.0,-811.0,,,-7.0,519.0,-606,60.0,922.0,461.0,3.0,0.0,NZYM-B.CO,CO,3107.0,,711.0,726.0,1543.0,29,0.0,62.0,542.0,,,7050.0,4735.0,2613.0,3649.0,1654.0,,,2077.0,,114,1103.0,-158,-50,3731.0,581.0,974.0,,,15,,,,,,,,,,,443.0,,,
2019-09-30,1040.0,,,,582.0,,796.0,971,971.0,2116.0,59.0,12,,,2694,,173.0,218.0,963.0,10321.0,10437.0,32.15973,20152.0,287.62677,4200.0,,11192.0,8960.0,20152.0,2627.0,,,285.7,2.23311,,,0,638.0,638.0,771.0,,,,,133.0,,,-178.0,18,51.0,-1098.0,-177.0,1010.0,-63.0,,0.0,6.0,-480.0,-618,-259.0,638.0,435.0,1.0,0.0,NZYM-B.CO,CO,2963.0,,651.0,673.0,1573.0,32,0.0,,398.0,,,6835.0,5307.0,2801.0,3361.0,1647.0,,,2057.0,,-79,852.0,-2,-5,3704.0,690.0,1205.0,,,22,,,,,,,,,,,520.0,,,
2019-06-30,1097.0,,,,582.0,,803.0,967,1005.0,2136.0,59.0,12,,,2276,,-41.0,211.0,955.0,10232.0,10469.0,31.42267,20059.0,287.62677,4650.0,,11010.0,9049.0,20059.0,2670.0,,,288.1,3.11697,,,0,898.0,898.0,1109.0,,,,,211.0,,,-254.0,27,32.0,-1030.0,177.0,1051.0,133.0,,,-15.0,-320.0,-709,183.0,898.0,20.0,431.0,-1.0,NZYM-B.CO,CO,2715.0,,910.0,929.0,1980.0,32,0.0,,385.0,,,6809.0,5353.0,2780.0,3100.0,1571.0,,,1887.0,,-74,1189.0,-6,-455,3458.0,608.0,698.0,,,19,,,,,,,,,,,545.0,,,
2020-03-31,150.91,78.229,,,583.003,,,,5424.399,3110.481,,,,,29.751,,-37.619,,3.625,946.659,4567.05,-5.38666,9005.271,58.26353,3635.828,,5110.553,3894.718,9005.271,3184.714,,-1.282,40.83952,12.6,,,,514.578,514.578,515.587,,,,,1.009,,,-33.615,9.337,0.0,1363.041,-630.145,432.027,-215.537,83.616,-77.483,2.055,-1386.466,2826.99,1166.978,514.578,49.37,-596.53,,BAVA.CO,CO,213.396,,1464.523,2205.15,451.114,,0.0,0.0,16.138000000000005,9.14,,2630.588,710.004,186.764,229.534,243.084,,,122.321,,-20.807,557.588,-21.194,-627.647,365.405,126.299,-435.267,,,740.627,-0.599,,,,,,,,,,66.081,,,
2019-12-31,112.088,77.427,,,323.891,,,,5484.255,3086.843,,,,,9.009,,-37.558,,1.445,906.494,1577.519,-88.46431,7047.068,40.90689,4983.089,,1865.455,5181.613,7047.068,3134.392,,2.287,40.53163,-1.13218,,,,-45.889,-45.889,-46.833,,,,,-0.944,,,-63.968999999999994,6.1530000000000005,-0.5350000000000001,1367.069,-1163.78,-7.0020000000000095,-18.855000000000004,14.140999999999998,-2.158,-3.297,1369.2269999999999,0.0,192.99,-45.88900000000001,43.601,-1099.8110000000001,,BAVA.CO,CO,44.069,,297.545,472.364,1848.697,,0.0,3.53,24.959999999999994,9.189,,654.874,2047.221,100.762,69.029,134.642,,,155.551,,-16.216,-30.617,,,290.193,65.228,186.168,,,174.819,-0.684,,,,,,,,,,120.94,,,
2019-09-30,116.951,70.035,,,323.891,,,,26.2,395.998,,,,,22.78,,-37.659,,1.384,854.558,1619.149,45.72223,2563.218,40.80951,461.35,,1892.102,671.116,2563.218,444.839,,-12.595,40.44377,-2.45232,,,,-99.181,-99.181,-97.694,,,,,1.487,,,-103.39000000000001,5.712000000000001,2.297,5.267000000000024,22.80699999999996,-42.46900000000002,34.278000000000006,14.177000000000003,-0.036,4.7780000000000005,-3.6980000000000075,9.001,-9.617000000000019,-99.18099999999998,8.257000000000001,126.197,,BAVA.CO,CO,47.844,,104.555,1495.596,16.511,,0.0,22.2,25.204,11.813,,1681.076,226.277,78.419,73.048,92.752,,,51.347,,-1.188,-96.506,,,144.099,56.639,147.853,,,1391.041,-0.684,,,,,,,,,,91.214,,,
2019-06-30,112.051,93.002,,,323.206,,,,27.976,396.539,,,,,15.476,,-37.252,,1.331,763.508,1705.097,47.99374,2672.034,40.80951,464.928,,1986.577,685.457,2672.034,448.49,,-3.679,40.3259,-2.53143,,,,-102.082,-102.082,-101.32,,,,,0.762,,,-123.31899999999999,2.159,0.7260000000000001,-6.951000000000022,137.78500000000003,-155.594,-77.535,14.254,-0.025,-1.38,-3.6640000000000157,-3.262,-26.139999999999986,-102.082,9.769,261.10400000000004,,BAVA.CO,CO,86.451,,114.172,1637.73,16.438,,0.0,22.2,20.738,14.879,,1879.219,236.967,97.221,107.189,49.808,,,51.554,,-4.304,-97.016,,,101.362,55.179,148.57,,,1523.558,-0.795,,,,,,,,,,93.391,,,
2020-03-31,,,,,3774.0,,,,4189.0,6953.0,3521,715,,,7716,,-1314.0,2144,259.0,35176.0,24770.0,1146.61333,53990.0,20.09483,16185.0,,27230.0,26760.0,53990.0,14131.0,,,19.7,9.62223,,,-12,197.0,209.0,337.0,,,,,128.0,,,-310.0,113.0,76.0,-1620.0,-256.0,1216.0,-238.0,,-222.0,-66.0,-727.0,-296,-726.0,552.0,902.0,54.0,-375.0,MAERSK-B.CO,CO,5523.0,,,4043.0,2054.0,,0.0,153,0.0,,,10845.0,9770.0,1126.0,5523.0,,1066,,,-85,-215,552.0,,8050,9571.0,,9019.0,-12,4041.0,2,,,,,,,,,,,,,,
2019-12-31,,,,,3774.0,,,,4219.0,7455.0,3267,739,,,7832,,-793.0,1977,237.0,35976.0,25117.0,1188.3156,55399.0,20.09483,16753.0,,28098.0,27301.0,55399.0,14750.0,,,19.64317,-3.26831,,,-11,-72.0,-61.0,130.0,,,,,191.0,,,-469.0,477.0,64.0,-1209.0,-435.0,1535.0,-6.0,,-118.0,59.0,-809.0,-282,-50.0,342.0,1199.0,34.0,0.0,MAERSK-B.CO,CO,5351.0,,,4770.0,2003.0,,0.0,149,0.0,,,11700.0,9835.0,1430.0,5351.0,,1160,,,-38,-212,342.0,,8205,9668.0,,9326.0,-1,4768.0,2,,,,,,,,,,,,,,
2019-09-30,,,,,3774.0,,,,4265.0,7782.0,3149,744,,,7608,,-990.0,2006,271.0,36415.0,25351.0,1149.72148,55662.0,20.76155,17169.0,,28135.0,27527.0,55662.0,15252.0,,,21.08333,21.15254,,,-14,506.0,520.0,589.0,,,,,69.0,,,-343.0,,179.0,-1520.0,-270.0,1732.0,-65.0,,-246.0,-81.0,-911.0,-363,-139.0,737.0,1060.0,73.0,0.0,MAERSK-B.CO,CO,5544.0,,,4837.0,1917.0,,0.0,52,0.0,,,11562.0,9525.0,1129.0,5544.0,,1063,,,-66,-148,737.0,,8399,10055.0,,9318.0,-78,4835.0,2,,,,,,,,,,,,,,
2019-06-30,,,,,3774.0,,,,4320.0,7757.0,3173,741,,,7499,,-726.0,1846,255.0,37162.0,25208.0,1152.90043,56555.0,20.76155,18213.0,,28256.0,28299.0,56555.0,15429.0,,,20.14286,6.39699,,,-12,141.0,154.0,246.0,,,,,92.0,,,-445.0,,128.0,-769.0,-424.0,1177.0,232.0,,-219.0,17.0,65.0,-146,1.0,416.0,529.0,21.0,-469.0,MAERSK-B.CO,CO,5529.0,,,4963.0,2784.0,,0.0,52,0.0,,,11645.0,10283.0,1101.0,5529.0,,1053,,,-67,-170,416.0,,8270,9627.0,,9211.0,-45,4961.0,2,,,,,,,,,,,,,,
2020-03-31,3631.0,,,,996.0,,,,22652.0,10807.0,915,,,,4157,,981.0,2121,,2639.0,12097.0,-43.17024,34867.0,198.70171,10884.0,,14074.0,20793.0,34867.0,10807.0,,,198.8,3.35025,,,,151.0,151.0,241.0,,,,,90.0,,,-68.0,,67.0,-836.0,-68.0,188.0,-1069.0,,-22.0,-9.0,0.0,1,-725.0,338.0,919.0,0.0,-815.0,LUN.CO,CO,4025.0,,,2287.0,77.0,,0.0,,0.0,,,8661.0,7865.0,2349.0,4025.0,805.0,844,,3759.0,,-126,338.0,29,,4564.0,1689.0,3421.0,822.0,2283.0,4,,,,,,,,,,,66.0,,,
2019-12-31,3933.0,,,,996.0,,1684.0,,23399.0,7121.0,646,,,,4268,,807.0,1681,,2674.0,12751.0,-44.51396,35757.0,198.70171,9637.0,,14554.0,21203.0,35757.0,7558.0,,,198.76,1.16044,,,,230.0,230.0,142.0,,,,,-88.0,,,-188.0,,11.0,6997.0,-7357.0,394.0,-257.0,,,-1.0,6948.0,-20,33.0,291.0,360.0,-7169.0,0.0,LUN.CO,CO,3822.0,,,3012.0,2079.0,,0.0,,0.0,,,9038.0,10280.0,2204.0,3822.0,949.0,55,,3472.0,,-83,291.0,-66,514.0,4421.0,1744.0,3181.0,,3008.0,4,,,,,,,,,,,868.0,,,
2019-09-30,3750.0,,,,996.0,,,,9962.0,525.0,1197,,,,3311,,805.0,1353,,2509.0,12566.0,22.16121,23471.0,198.77071,690.0,,14367.0,9104.0,23471.0,525.0,,,198.7,3.77957,,,,751.0,751.0,1030.0,,,,,279.0,,,-113.0,,156.0,-19.0,-114.0,1365.0,5.0,,-19.0,0.0,,0,1232.0,1012.0,348.0,-1.0,0.0,LUN.CO,CO,3574.0,,,4512.0,165.0,,0.0,,0.0,,,9803.0,7226.0,1717.0,3574.0,796.0,47,,3339.0,,16,1012.0,2,,4135.0,1570.0,2327.0,0.0,2975.0,1537,,,,,,,,,,,710.0,,,
2019-06-30,3621.0,,,,996.0,,,,9870.0,493.0,1184,,,,3004,,695.0,1308,,2450.0,11807.0,18.25219,22082.0,198.77071,651.0,,13498.0,8584.0,22082.0,493.0,,,198.7,3.96578,,,,788.0,788.0,1078.0,,,,,290.0,,,-85.0,,429.0,-12.0,-221.0,13.0,-1178.0,,-15.0,-4.0,,3,-224.0,1105.0,86.0,-136.0,0.0,LUN.CO,CO,3533.0,,,3281.0,158.0,,0.0,,0.0,,,8578.0,6783.0,1764.0,3533.0,815.0,44,,3431.0,,-51,1105.0,24,0.0,4246.0,1551.0,2326.0,,1743.0,1538,,,,,,,,,,,731.0,,,
2020-03-31,154.0,,,,126.0,,82,1543,1331.0,1325.0,,,,,615,,136.0,153,124.0,581.0,2038.0,-2.32713,4788.0,246.65581,1484.0,,2300.0,2488.0,4788.0,1452.0,,,247.61905,0.45348,,,,104.0,104.0,138.0,,,,,34.0,,,-99.0,,83.0,2.0,-99.0,10.0,-192.0,50,,0.0,-4.0,25,-87.0,150.0,2.0,,-19.0,AMBU-B.CO,CO,657.0,,,38.0,32.0,,0.0,,31.0,42,,1209.0,801.0,441.0,688.0,382.0,,,607.0,,-12,150.0,0,,989.0,421.0,457.0,,38.0,,,,,,,,,,,,36.0,,,
2019-12-31,196.0,,,,126.0,,65,1529,1283.0,1325.0,,,,,660,,133.0,149,77.0,578.0,1868.0,-2.78648,4680.0,245.82983,1483.0,,2127.0,2553.0,4680.0,1459.0,,,247.05882,0.17,,,,42.0,42.0,56.0,,,,,14.0,,,-80.0,,9.0,195.0,-80.0,-110.0,-232.0,33,,0.0,264.0,8,5.0,93.0,-4.0,0.0,-77.0,AMBU-B.CO,CO,513.0,,,125.0,24.0,,0.0,,21.0,40,,1213.0,880.0,514.0,534.0,303.0,,,457.0,,-36,93.0,-1,,760.0,334.0,364.0,0.0,125.0,,,,,,,,,,,,30.0,,,
2019-09-30,266.0,,0.0,,126.0,,66,1547,1242.0,1050.0,,,,,737,,154.0,152,87.0,521.0,1902.0,-2.47385,4558.0,245.36696,1155.0,,2182.0,2376.0,4558.0,1151.0,,,243.05746,-0.01481,,,,-92.0,-92.0,-120.0,,,,,-28.0,,,-82.0,,4.0,32.0,-82.0,152.0,255.0,27,0.0,-1.0,23.0,9,101.0,-118.0,-12.0,0.0,0.0,AMBU-B.CO,CO,474.0,,,120.0,4.0,,0.0,,21.0,40,,1161.0,1007.0,506.0,495.0,270.0,,,336.0,,-1,-118.0,-1,,606.0,291.0,454.0,136.0,120.0,,,,,,,,,,,,27.0,,,
2019-06-30,154.0,,0.0,,126.0,,116,1517,1199.0,1025.0,,,,,579,,113.0,144,111.0,492.0,1987.0,-2.00031,4357.0,244.96236,1138.0,,2226.0,2131.0,4357.0,1125.0,,,248.27586,0.98765,,,,216.0,216.0,281.0,,,,,65.0,,,-78.0,,6.0,-170.0,-78.0,225.0,75.0,31,0.0,1.0,-178.0,8,-22.0,117.0,2.0,0.0,0.0,AMBU-B.CO,CO,535.0,,,26.0,6.0,0.0,7.0,,17.0,42,,1038.0,746.0,418.0,552.0,337.0,,,436.0,,165,117.0,-1,,773.0,255.0,319.0,38.0,26.0,,,,,,,,,,,,26.0,,,
2020-03-31,1719.0,,,23679.6,776.0,,31,,0.0,395762.0,257,,485197.0,9502.0,,147996.88,3151.0,46340,,4420.0,30246.0,473.16771,674097.0,72.655,402174.0,189455.0,34378.0,639719.0,674097.0,396114.0,6060,205,74.03066,-1.625,2354.0,3.0,,-780.0,-780.0,-996.0,1245.0,1248.0,-6559.0,4318.0,-216.0,-41,1106.0,-82.0,55,,889.0,-71.0,17433.0,18213.0,,-55.0,,1435.0,-491,18251.0,-780.0,,11.0,,JYSK.CO,CO,,,,,,,,,,,,,,,,,,,,,,,,,,,,,,,,,,,,,,,,,,,,
2019-12-31,1562.0,,,6922.299999999999,776.0,,241,,1.0,399920.0,257,,485900.0,8939.0,,142298.69,3257.0,38435,,4530.0,31472.0,477.13152,649738.0,74.841,404277.0,169513.0,35710.0,614028.0,649738.0,400289.0,3988,205,75.64738,12.21457,2438.0,-64.0,,966.0,966.0,1226.0,1275.0,1211.0,-5510.0,5461.0,260.0,-42,1227.0,-282.0,28,,-491.0,-225.0,-5173.0,-6139.0,,-28.0,,-69.0,-394,-5889.0,966.0,,57.0,0.0,JYSK.CO,CO,,,,,,,,,,,,,,,,,,,,,,,,,,,,,,,,,,,,,,,,,,,,
2019-09-30,2233.0,,,6423.9,816.0,,566,,2.0,403253.0,281,,483797.0,8536.0,,158250.17,3203.0,42876,,4381.0,30954.0,459.8339,662497.0,76.582,407335.0,174270.0,35217.0,627280.0,662497.0,403253.0,4082,244,79.815,4.03667,2523.0,-30.0,,365.0,365.0,449.0,1403.0,1373.0,-1962.0,1008.0,84.0,-42,1150.0,-121.0,55,,-539.0,-121.0,10559.0,10194.0,,-55.0,,0.0,-484,9899.0,365.0,,0.0,0.0,JYSK.CO,CO,,,,,,,,,,,,,,,,,,,,,,,,,,,,,,,,,,,,,,,,,,,,
2019-06-30,1921.0,,,10546.9,816.0,,565,,2.0,393467.0,302,,479875.0,8079.0,,141853.07,3235.0,35591,,4402.0,31096.0,449.00652,646416.0,78.814,398924.0,174025.0,35390.0,611026.0,646416.0,393467.0,5457,243,80.364,5.378,2562.0,9.0,,499.0,499.0,633.0,1370.0,1379.0,-3967.0,3230.0,134.0,-40,1183.0,-115.0,19,,-10.0,-130.0,6151.0,5652.0,,690.0,,6.0,-706,6011.0,499.0,,-15.0,0.0,JYSK.CO,CO,,,,,,,,,,,,,,,,,,,,,,,,,,,,,,,,,,,,,,,,,,,,
2020-03-31,710.0,,,,569.0,,552,,7485.0,5357.0,,,,,2291,,-802.0,640,2028,1098.0,8512.0,-22.45423,15439.0,128.75077,6652.0,,4594.0,10845.0,15439.0,5727.0,,,130.095,0.77049,,,,101.0,106.0,139.0,,,,,33.0,,,-246.0,,112.0,-943.0,-275.0,86.0,-353.0,273,,-7.0,-471.0,-285,-1139.0,251.0,-85.0,-29.0,-187.0,GN.CO,CO,2572.0,,589.0,589.0,133.0,,792.0,,502.0,,,4828.0,3926.0,1165.0,3074.0,1299.0,172,,1668.0,,-112,251.0,,-9,2967.0,1096.0,1417.0,-1,,,-3685,,,,,,,,,,159.0,-5.0,,
2019-12-31,1058.0,,,,569.0,,552,,7422.0,5345.0,257.0,,,,2568,,-921.0,625,1738,1076.0,8625.0,-19.95313,16683.0,128.9522,7031.0,,4849.0,11834.0,16683.0,5702.0,,,130.567,4.37041,,,,556.0,556.0,722.0,,,,,166.0,,,-630.0,,136.0,983.0,-361.0,635.0,-369.0,259,,-4.0,1044.0,-61,1253.0,754.0,-9.0,269.0,0.0,GN.CO,CO,2809.0,,1728.0,1728.0,132.0,,1197.0,,347.0,,,6190.0,4955.0,1306.0,3156.0,1519.0,158,,2165.0,,-32,754.0,,6,3684.0,1081.0,1411.0,19,,,-3424,,,,,,,,,,147.0,0.0,,
2019-09-30,802.0,,,,569.0,,401,,7536.0,3926.0,,,,,2396,,-794.0,755,1913,1050.0,8084.0,-21.84812,14774.0,129.80519,5720.0,,4700.0,10074.0,14774.0,4281.0,,,131.536,2.59469,,,,339.0,345.0,451.0,,,,,106.0,,,-217.0,,119.0,-349.0,-158.0,709.0,63.0,347,,5.0,9.0,-358,207.0,384.0,-85.0,59.0,0.0,GN.CO,CO,2291.0,,475.0,475.0,133.0,,1306.0,,336.0,,,4275.0,4637.0,1173.0,2627.0,1171.0,250,,1828.0,,67,384.0,,3,2999.0,1045.0,1444.0,3,,,-3159,,,,,,,,,,143.0,-6.0,,
2019-06-30,810.0,,,,569.0,,490,,7446.0,3919.0,,,,,2027,,-1038.0,752,1635,1039.0,7737.0,-22.7479,14191.0,131.0011,5646.0,,4466.0,9725.0,14191.0,4273.0,,,133.253,2.25311,,,,301.0,305.0,398.0,,,,,93.0,,,-206.0,,41.0,-437.0,-243.0,678.0,-42.0,247,,-3.0,-239.0,-198,-5.0,467.0,6.0,-37.0,0.0,GN.CO,CO,2428.0,,268.0,268.0,137.0,,1236.0,,295.0,,,4071.0,4210.0,1080.0,2723.0,1216.0,157,,1835.0,,-69,467.0,,-4,3051.0,1075.0,1368.0,-1,,,-2802,,,,,,,,,,141.0,-4.0,,
2020-03-31,664.0,5,,,216.0,,264,,2456.0,,4,,,,2458,,-293.0,382,572,3760.0,6663.0,19.40338,13528.0,212.84955,3169.0,,6586.0,6942.0,13528.0,402.0,,,212.6,5.01881,,,,1067.0,1067.0,1385.0,,,,,318.0,,,-252.0,63,229.0,-354.0,-246.0,611.0,-1112.0,214,,-29.0,-421.0,67,-18.0,1542.0,-33.0,6.0,0.0,COLO-B.CO,CO,3269.0,,498.0,800.0,2767.0,27,0.0,13,525.0,187,,6709.0,5894.0,1915.0,3794.0,1553.0,,,3270.0,,-154,1542.0,-3,-5,4823.0,1551.0,1728.0,,,302,,,,,,,,,,,182.0,,,
2019-12-31,679.0,10,,,216.0,,264,,2459.0,,5,,,,2803,,-246.0,442,584,3786.0,5481.0,14.08387,13223.0,212.44162,3574.0,,5451.0,7772.0,13223.0,418.0,,,212.4,5.14124,,,,1092.0,1092.0,1418.0,,,,,326.0,,,-223.0,67,871.0,-662.0,-214.0,1030.0,-615.0,208,,6.0,1877.0,10,160.0,1472.0,-35.0,9.0,-2549.0,COLO-B.CO,CO,2982.0,,516.0,820.0,3156.0,28,0.0,13,417.0,212,,6361.0,6648.0,1917.0,3399.0,1500.0,,,3212.0,,-55,1472.0,1,-15,4712.0,1586.0,1740.0,,,304,,,,,,,,,,,169.0,,,
2019-09-30,859.0,9,,,216.0,,264,2030.0,472.0,,5,,,,3000,,-228.0,479,590,3249.0,6925.0,20.8066,12732.0,212.0,1208.0,,6913.0,5819.0,12732.0,134.0,,,215.2,5.27291,,,,793.0,793.0,1028.0,,,,,235.0,,,-276.0,92,81.0,-1642.0,-219.0,1770.0,150.0,165,,3.0,-1774.0,132,-88.0,1079.0,376.0,57.0,0.0,COLO-B.CO,CO,3153.0,,,669.0,1074.0,27,0.0,13,428.0,163,,6359.0,4942.0,1933.0,3581.0,1448.0,,,3170.0,,-33,1079.0,-18,-14,4618.0,1540.0,2091.0,400.0,356.0,313,,,,,,,,,,,165.0,,,
2019-06-30,673.0,0,,,216.0,,300,,2486.0,,10,,,,2434,,-134.0,273,465,3146.0,5857.0,16.2877,12551.0,212.0,2932.0,,5939.0,6612.0,12551.0,84.0,,,212.3,5.02,,,,1068.0,1068.0,1387.0,,,,,319.0,,,-141.0,29,92.0,-1070.0,-142.0,1353.0,-175.0,166,,-9.0,256.0,-264,132.0,1438.0,-76.0,-1.0,-1062.0,COLO-B.CO,CO,3227.0,,,755.0,2848.0,29,0.0,73,257.0,189,,6415.0,5955.0,1914.0,3484.0,1476.0,,,3123.0,,-54,1438.0,3,-3,4599.0,1513.0,1685.0,,444.0,311,,,,,,,,,,,175.0,,,
2020-03-31,,,11796.0,,65.0,,,,442.0,,149.0,,,,714.0,,,17.0,119.0,491.0,2537.0,214.93092,15303.0,64.93249,174.0,,14398.0,905.0,15303.0,148.0,,,65.77017,4.09,,,,269.0,269.0,354.0,,,,,85.0,,,-58.0,4.0,97.0,15.0,9.0,2192.0,2034.0,,-14.0,53.0,-8.0,37.0,2269.0,354.0,-196.0,67.0,,GMAB.CO,CO,1130.0,,5543.0,12960.0,26.0,12.0,0.0,,0.0,,,14090.0,740.0,,1130.0,,,,,,283.0,71.0,,,892.0,106.0,821.0,,,7417.0,,,,,,,,,,,715.0,,,
2019-12-31,,,11755.0,,65.0,,,,470.0,,149.0,,,,912.0,,98.0,3.0,139.0,414.0,2130.0,209.18008,15144.0,64.91058,181.0,,14048.0,1096.0,15144.0,155.0,,,65.75109,22.38532,,,,1471.859,1471.859,1955.171,,,,,483.312,,,-28.852999999999994,13.986,335.68399999999997,7.351999999999862,-1150.6770000000001,174.90599999999995,-2085.682,,-3.2709999999999866,-122.709,-9.475999999999999,20.09900000000016,-1091.1279999999997,1955.171,305.41700000000003,-1121.824,,GMAB.CO,CO,2990.0,,3552.0,10971.0,26.0,11.0,0.0,,0.0,,,13961.0,938.0,,2990.0,,,,,,-220.853,2176.024,,,2961.233,116.551,785.209,,,7419.0,,,,,,,,,,,668.658,,,
2019-09-30,,,11738.022,,64.989,,,,419.632,,,,,,623.769,,100.386,3.292,271.24,371.549,611.234,186.57771,13330.303,64.82553,188.611,,12514.631,815.672,13330.303,157.614,,,64.86075,8.28,,,,537.047,537.047,699.279,,,,,162.232,,,-46.57300000000001,1.8770000000000007,0.0,3637.03,-46.240999999999985,319.0680000000001,-102.32600000000002,,-235.001,150.315,-7.199000000000002,3879.23,4060.1719999999996,699.279,-277.885,0.33199999999999363,,GMAB.CO,CO,1139.453,,4643.035,11116.849,30.997,11.58,0.0,,0.0,,,12256.302,654.766,,1139.453,,,,,,348.546,350.733,,,1039.844,81.225,689.111,,,6473.814,,,,,,,,,,,607.886,,,
2019-06-30,,,8097.093,,61.69,,,,421.429,,,,,,493.321,,95.71,3.435,366.56,366.927,32.016,127.83298,8977.313,61.52622,194.048,,8286.509,690.804,8977.313,162.811,,,62.87778,1.35,,,,84.885,84.885,110.528,,,,,25.643,,,-14.209999999999997,2.1459999999999995,0.0,26.12,-772.548,184.82899999999995,-19.052999999999997,,0.0,-32.351,-7.161999999999999,33.282,-593.9499999999999,110.528,93.35400000000001,-758.3380000000001,,GMAB.CO,CO,859.911,,582.863,6950.953,31.237,11.533,0.0,,0.0,,,7810.864,524.558,,859.911,,,,,,-26.639,137.167,,,773.914,73.371,636.747,,,6368.09,,,,,,,,,,,563.376,,,
2020-03-31,8846,646,,,4204.0,,2508,,657.0,35262,787,3055,,,18456,,12326.0,29885,23959,107724.0,69430.0,203.10941,193636.0,419.98546,44280.0,,85960.0,107676.0,193636.0,39795.0,,,420.23438,10.62596,,,0,5379.0,5407.0,6908.0,,,,,1501.0,0,,-5238.0,2161,1267.0,176.0,-1965.0,-495.0,-4763.0,,1631,48.0,2955.0,,-2236.0,9449.0,-5181.0,3273.0,-4410.0,ORSTED.CO,CO,8523.0,,4899.0,17840.0,4485.0,2891,0.0,12041,4254.0,,,57618.0,32433.0,14960,12777.0,9278,1754,,8954,-4,-585,7681.0,-188,-297,18232.0,1023.0,1273.0,-1203,,12941,,,,,,,,,,,,,,
2019-12-31,10832,632,,,4204.0,,3371,,672.0,36039,714,3248,,,16602,,13645.0,29689,23799,106013.0,68465.0,203.91658,192860.0,419.98546,42172.0,,86314.0,106546.0,192860.0,40767.0,,,418.77018,3.90663,,,-9,1391.0,1429.0,2162.0,,,,,733.0,-443,,-8825.0,1610,-57.0,-3810.0,654.0,4789.0,-784.0,,-358,83.0,-3452.0,0.0,1716.0,5260.0,313.0,9479.0,0.0,ORSTED.CO,CO,8879.0,,7148.0,23700.0,1405.0,1713,0.0,7740,5599.0,,,59949.0,29471.0,14031,14478.0,13384,2444,,6431,0,-4061,2803.0,3420,-395,19815.0,1150.0,3628.0,429,,16552,,,,,,,,,,,,,,
2019-09-30,14037,625,,,4204.0,,5175,,590.0,32643,688,3153,,,17038,,12508.0,26311,21609,100158.0,67504.0,199.08811,194521.0,420.04518,43966.0,,84216.0,110305.0,194521.0,37469.0,,,438.0,1.93188,,,-4,852.0,822.0,1580.0,,,,,758.0,24,,-6738.0,618,0.0,4398.0,-7169.0,1062.0,-2558.0,,-1081,141.0,5479.0,0.0,-1568.0,3328.0,292.0,-431.0,0.0,ORSTED.CO,CO,8305.0,,5371.0,31073.0,6497.0,1960,0.0,4909,10894.0,,,69516.0,38197.0,14335,19199.0,10842,1681,,3701,7,121,1632.0,-173,-556,14543.0,929.0,2069.0,8,,25702,,,,,,,,,,,,,,
2019-06-30,12291,446,,,4204.0,,4695,,564.0,32400,740,3247,,,19099,,12358.0,25263,21638,91800.0,66637.0,196.72884,185949.0,420.04518,37709.0,,83199.0,102750.0,185949.0,36879.0,,,408.52941,3.11165,,,-20,1680.0,1718.0,2176.0,,,,,458.0,-291,,-3100.0,2085,30.0,3017.0,-7259.0,7501.0,4302.0,,1870,-68.0,1246.0,-99.0,3191.0,4425.0,-1226.0,-4159.0,0.0,ORSTED.CO,CO,7303.0,,6968.0,32453.0,830.0,2144,0.0,6303,9917.0,,,69063.0,32666.0,13087,17220.0,12291,1689,,4986,11,-369,2718.0,-173,-211,17277.0,951.0,2268.0,-172,,25485,,,,,,,,,,,,,,
2020-03-31,9550,,,,235.0,,405,,51444.0,9965,,-112,,,14181,,,2723,1895,14063.0,45979.0,-23.13924,96370.0,226.023,23409.0,,46214.0,50156.0,96370.0,18641.0,,,213.892,3.26007,,,-3,328.0,331.0,458.0,,,,,127.0,,,-291.0,292,96.0,-824.0,-201.0,1346.0,-678.0,,-20,-385.0,2692.0,-2908,-64.0,2604.0,-580.0,90.0,-588.0,DSV.CO,CO,22452.0,,1979.0,1979.0,4768.0,474,0.0,118,2458.0,,,28494.0,28499.0,1487,24910.0,21492,1038,,5817,,-593,1055.0,-4.0,,27309.0,3213.0,4762.0,511,,,,,,,,,,,,,,,,
2019-12-31,9783,,,,235.0,,455,,51988.0,6464,,-111,,,14628,,,2776,2164,14693.0,49195.0,-11.17714,97557.0,228.86,20596.0,,49430.0,48127.0,97557.0,15691.0,,,241.323,3.29591,,,-10,435.0,445.0,752.0,,,,,307.0,,,-376.0,477,341.0,-2697.0,-39.0,1660.0,-1011.0,,386,138.0,-592.0,-2491,-938.0,2861.0,-190.0,337.0,0.0,DSV.CO,CO,21306.0,,2043.0,2043.0,4905.0,494,0.0,135,3410.0,,,28218.0,29316.0,1324,24716.0,24056,1077,,6066,,-423,1175.0,,,30122.0,3205.0,4891.0,609,,,,,,,,,,,,,,,,
2019-09-30,10078,,,,242.0,,348,,52211.0,7002,,-190,,,14961,,,3091,1791,14767.0,50600.0,-5.89977,99427.0,232.043,20297.0,,50842.0,48585.0,99427.0,16200.0,,,188.099,6.76639,,,-8,1141.0,1149.0,1500.0,,,,,351.0,,,-379.0,77,92.0,-1588.0,1706.0,1528.0,-1097.0,,-240,-49.0,-51.0,-1297,1597.0,2727.0,-102.0,2085.0,0.0,DSV.CO,CO,23136.0,,2981.0,2981.0,4097.0,496,0.0,41,2407.0,,,30162.0,29136.0,1597,25543.0,19067,942,,5454,,-113,1613.0,,,24521.0,2727.0,3841.0,172,,,,,,,,,,,,,,,,
2019-06-30,7600,,,,186.0,,141,,16795.0,5742,,-61,,,8520,,,1629,1178,11829.0,15363.0,-6.9885,49721.0,178.293,16343.0,,15549.0,34172.0,49721.0,13451.0,,,183.01587,6.38153,,,4,1153.0,1149.0,1463.0,,,,,314.0,,,-271.0,186,436.0,-1991.0,-119.0,2325.0,-62.0,,-204,-13.0,-1262.0,-525,202.0,2441.0,-54.0,152.0,0.0,DSV.CO,CO,15355.0,,1384.0,1384.0,2892.0,341,0.0,64,1628.0,,,19578.0,19012.0,1147,16983.0,15436,810,,4643,,-149,1612.0,,,20079.0,2202.0,3031.0,19,,,,,,,,,,,,,,,,
2020-03-31,5344,,,,480.0,,55,,5838.0,,1725,,,,56599,,-2608,5749,3929,50863.0,56538.0,21.09913,126256.0,2301.564,4110.0,,54399.0,71857.0,126256.0,2866.0,,,2354.8,5.05223,,,,11897.0,11897.0,15021.0,,,,,3124.0,,,-1723.0,112,4502.0,-13509.0,-2106.0,10012.0,-12093.0,1086,2152.0,-95.0,-420.0,-2690,-5698.0,11897.0,9122.0,-383.0,-12551.0,NOVO-B.CO,CO,30091.0,,,9765.0,1244.0,708.0,0.0,598,5478.0,,,63193.0,63187.0,17261,35569.0,5386,,,28489,,-1281,16302.0,,-107,33875.0,8517.0,12187.0,,9765.0,,-11,,,,,,,,,,3777.0,,,
2019-12-31,6358,,,,480.0,,80,,5835.0,,1808,,,,51151,,-1168,5947,4121,50551.0,58291.0,22.00595,125612.0,2352.0,4483.0,,57593.0,68019.0,125612.0,3009.0,,,2361.47743,3.69133,,,,8717.0,8717.0,11079.0,,,,,2362.0,,,-2968.0,56,5084.0,-5201.0,-3209.0,5165.0,-7205.0,1398,,-100.0,-271.0,-4930,-3345.0,8717.0,2255.0,-241.0,0.0,NOVO-B.CO,CO,24912.0,,,15475.0,815.0,841.0,659.0,188,4240.0,,,62456.0,58983.0,17641,29152.0,5432,,,26985,,-794,11873.0,,-43,32417.0,10771.0,15112.0,,15475.0,,-10,,,,,,,,,,4384.0,,,
2019-09-30,5894,,,,480.0,,190,,5033.0,,2062,,,,55777,,-1972,5751,4113,50300.0,54452.0,20.44749,124908.0,2343.564,4343.0,,52953.0,71955.0,124908.0,2927.0,,,2373.2,4.29547,,,,10194.0,10194.0,12107.0,,,,,1913.0,,,-2447.0,64,781.0,-10012.0,-2441.0,16688.0,895.0,2095,,75.0,-37.0,-2875,4310.0,10194.0,3504.0,6.0,-7100.0,NOVO-B.CO,CO,22519.0,,,18757.0,1416.0,,0.0,612,4003.0,,,63400.0,63087.0,17509,26522.0,5075,,,25202,,-812,12919.0,,-88,30277.0,8770.0,12283.0,,18757.0,,-7,,,,,,,,,,3601.0,,,
2019-06-30,5269,,,,480.0,,542,,5900.0,,2098,,,,50071,,-1473,4710,2987,48204.0,54083.0,20.13386,117909.0,2343.564,4232.0,,53085.0,64824.0,117909.0,2977.0,,,2383.5,4.02559,,,,9595.0,9595.0,12145.0,,,,,2550.0,,,-2779.0,41,590.0,-6746.0,-2833.0,15039.0,-1515.0,1110,,-60.0,-76.0,-4580,5400.0,9595.0,5849.0,-54.0,0.0,NOVO-B.CO,CO,23246.0,,,14457.0,1255.0,,0.0,134,3754.0,,,58720.0,56595.0,17129,27000.0,4849,,,25187,,-1307,13452.0,,-254,30036.0,8432.0,11735.0,,14457.0,,-5,,,,,,,,,,3557.0,,,
2020-05-31,101.9,,,,176.8,,104.3,861.0,257.8,676.3,9.6,,,,160.5,,-66.2,75.7,8.0,650.0,730.1,-2.11184,2267.2,131.68627,984.1,,840.7,1426.5,2267.2,768.1,,,132.07547,0.55507,,,,70.0,70.0,90.9,,,,,20.9,,,-25.1,3.1000000000000005,14.100000000000001,31.3,-144.5,128.5,14.200000000000003,,,-2.4,31.299999999999997,0.0,12.899999999999999,93.6,20.699999999999996,-119.4,0.0,CHR.CO,CO,176.0,,81.9,81.9,216.0,5.1,0.0,,26.900000000000006,12.1,,475.7,478.4,178.8,202.9,141.5,2.1,,172.3,,-1.3,92.2,,-0.4,313.8,54.3,80.1,4.3,,,,,,,,,,,,,19.8,,,
2020-02-29,87.7,,,,176.8,,93.8,771.5,221.0,709.5,10.2,,,,122.0,,-53.6,75.9,8.0,637.1,659.0,-1.59698,2109.8,131.68627,948.2,,782.2,1327.6,2109.8,795.4,,,130.88889,0.45882,,,,58.9,58.9,76.5,,,,,17.6,,,-26.1,4.1,5.0,-48.5,-36.7,72.1,-30.299999999999997,,,-1.1,70.7,0.0,-14.2,81.8,20.6,-10.6,-124.7,CHR.CO,CO,182.5,,69.0,69.0,152.8,5.1,0.0,,22.80000000000001,12.4,,456.9,362.5,170.2,205.3,133.0,1.8,,161.7,,-5.2,81.7,,-1.5,294.7,59.1,80.0,1.5,,,,,,,,,,,,,19.1,,,
2019-11-30,92.5,,,,176.8,,92.4,772.9,223.0,626.9,10.6,,,,232.5,,-48.9,76.2,7.6,627.2,599.3,-2.04046,2096.8,131.68627,876.0,,727.2,1369.6,2096.8,712.7,,,131.31579,0.39466,,,,49.9,49.9,64.8,,,,,14.9,,,-29.0,2.2,39.6,2.0,-29.0,21.9,-66.5,,-5.5,0.9,7.5,0.0,-4.2,69.3,19.1,0.0,,CHR.CO,CO,165.3,,83.2,83.2,163.3,,0.0,,23.799999999999983,11.9,,455.5,488.3,171.3,189.1,121.7,1.9,,150.7,,-2.8,67.6,,-0.3,272.4,58.9,83.10000000000001,2.5,,,,,,,,,,,,,20.1,,,
2019-08-31,132.1,,,,176.8,,91.2,772.9,225.5,668.9,,,,,130.5,,-51.5,85.0,7.6,577.8,671.9,-1.52787,2057.8,131.68627,821.8,,797.2,1260.6,2057.8,723.5,,,131.46762,0.57155,,,,74.6,74.6,96.7,,,,,22.1,,,-42.89999999999999,3.0,6.599999999999994,-152.4,24.900000000000006,146.8,27.900000000000006,,,-0.19999999999999996,-39.1,-3.1999999999999997,19.1,100.99999999999997,17.9,67.8,-110.10000000000001,CHR.CO,CO,192.7,,87.4,87.4,98.3,,0.0,,22.900000000000006,11.0,,474.0,360.9,160.0,215.6,129.7,2.2,,176.2,,-4.3,101.0,,-0.4,305.9,54.7,75.20000000000002,0.7,,,,,,,,,,,,,18.0,,,
2019-05-31,87.5,,,,176.5,,89.5,771.9,225.3,670.5,,,,,126.8,,-49.0,25.8,8.3,514.1,709.5,-1.21681,1974.9,131.65578,808.3,,837.0,1137.9,1974.9,670.5,,,133.0,0.50231,,,,66.5,66.5,86.4,,,,,19.9,,,-36.7,2.3999999999999995,14.200000000000003,-33.5,-37.2,85.20000000000002,-21.400000000000006,,,-0.3999999999999999,-33.5,0.0,14.1,91.30000000000001,15.299999999999997,-0.5,0.0,CHR.CO,CO,182.8,,68.3,68.3,137.8,,0.0,,21.0,11.8,,455.3,352.1,171.4,203.8,131.2,1.7,,170.8,,-4.9,91.3,,-0.4,302.0,59.4,79.5,0.4,,,,,,,,,,,,,18.4,,,
2020-03-31,3064,,,,27.0,,205,389,809.0,674,478,45,,,6461,,153,838,316,1648.0,3224.0,11.26657,14885.0,195.80044,868.0,,3404.0,11481.0,14885.0,674.0,,,197.36842,-0.18899,,,5,-75.0,-80.0,-107.0,,,,,-27.0,,,-160.0,,107.0,42.0,-159.0,-760.0,-794.0,,,-46.0,42.0,,-923.0,-80.0,114.0,1.0,,VWS.CO,CO,2012.0,,1940.0,2114.0,194.0,310,0.0,1195,714.0,,,10935.0,9719.0,4900,2726.0,2076,,,159,,5,-112.0,,,2235.0,141.0,271.0,58.0,,174,,,,,,,,,,,72.0,,,
2019-12-31,3119,,,,27.0,,147,386,822.0,521,445,52,,,6069,,-8,831,324,1671.0,3274.0,10.67356,14331.0,195.34251,820.0,,3293.0,11038.0,14331.0,661.0,,,194.09099,1.45808,,,1,283.0,282.0,366.0,,,,,84.0,,,-248.0,47.0,111.0,-228.0,-230.0,1072.0,467.0,,0.0,-5.0,-27.0,-201.0,609.0,282.0,323.0,18.0,0.0,VWS.CO,CO,1988.0,,2864.0,3037.0,159.0,241,0.0,624,695.0,,,10442.0,9347.0,4098,2683.0,4040,,,610,,-38,404.0,,,4650.0,129.0,206.0,0.0,,173,,,,,,,,,,,77.0,,,
2019-09-30,2912,,,,27.0,,90,390,770.0,523,485,54,,,6298,,32,812,333,1611.0,3200.0,10.61477,14242.0,197.74341,817.0,,3259.0,10983.0,14242.0,655.0,,,200.0,1.53,,,3,306.0,303.0,390.0,,,,,87.0,,,-173.0,,37.0,17.0,-86.0,351.0,-131.0,,0.0,2.0,17.0,0.0,284.0,303.0,179.0,87.0,0.0,VWS.CO,CO,1734.0,,2247.0,2422.0,162.0,263,0.0,877,637.0,,,10390.0,9372.0,4720,2371.0,3031,,,615,,-39,429.0,,,3646.0,124.0,186.0,0.0,,175,,,,,,,,,,,62.0,,,
2019-06-30,2884,,,,27.0,,134,380,762.0,498,410,13,,,5815,,18,796,299,1571.0,2899.0,9.11734,13352.0,197.64537,766.0,,2944.0,10408.0,13352.0,642.0,,,200.0,0.45,,,0,90.0,90.0,119.0,,,,,29.0,,,-181.0,,43.0,-175.0,20.0,100.0,-119.0,,0.0,-4.0,22.0,0.0,-59.0,90.0,129.0,201.0,-197.0,VWS.CO,CO,1370.0,,1963.0,2313.0,124.0,246,0.0,797,616.0,,,9684.0,8823.0,4588,1986.0,1820,,,301,,-9,128.0,,,2121.0,110.0,173.0,,,350,,,,,,,,,,,63.0,,,
2020-03-31,,,,,29.0,,,,202.0,,21,4,,,493,,-171,177,55,1597.0,2223.0,86.39156,2755.0,21.74981,0.0,,2081.0,674.0,2755.0,0.0,,,21.78571,2.8,,,0.0,61.0,61.0,80.0,,,,,19.0,,,,,,68.0,-110.0,13.0,-113.0,45,68,-13.0,,,-42.0,80.0,1.0,-110.0,,ROCK-B.CO,CO,408.0,,,229.0,,,0.0,,0.0,,,880.0,493.0,243,408.0,261,45,,388,,0,80.0,,-2,649.0,265.0,308.0,,229.0,,,,,,,,,,,,,,,
2019-12-31,,,,,29.0,,,,192.0,,21,4,,,416,,-105,160,54,1558.0,2190.0,87.75442,2694.0,21.90203,0.0,,2114.0,580.0,2694.0,0.0,,,21.93571,3.28232,,,0.0,72.0,72.0,97.0,,,,,25.0,,,,,,-27.0,-108.0,109.0,-35.0,48,-27,7.0,,,-19.0,94.0,2.0,-108.0,,ROCK-B.CO,CO,275.0,,,275.0,,,0.0,,68.0,15.0,,869.0,416.0,236,343.0,296,48,,419,,3,94.0,,-1,715.0,278.0,325.0,,275.0,,,,,,,,,,,,,,,
2019-09-30,,,,,29.0,,,,189.0,,10,4,,,421,,-102,157,44,1458.0,2126.0,85.10627,2635.0,21.90203,0.0,,2053.0,582.0,2635.0,0.0,,,22.0,3.5,,,,77.0,77.0,98.0,,,,,21.0,,,,,,3.0,-120.0,193.0,48.0,42,3,-4.0,,,72.0,100.0,3.0,-120.0,,ROCK-B.CO,CO,393.0,,,293.0,,,0.0,,0.0,,,934.0,421.0,248,393.0,295,42,,411,,-2,100.0,,-1,706.0,270.0,311.0,,293.0,,,,,,,,,,,,,,,
2019-06-30,,,,,29.0,,,,189.0,,10,4,,,416,,-122,151,40,1372.0,2048.0,80.63308,2526.0,21.90168,0.0,,1955.0,571.0,2526.0,0.0,,,21.94444,3.6,,,0.0,79.0,79.0,100.0,,,,,21.0,,,,,,-90.0,-94.0,106.0,-39.0,43,-90,0.0,,,-78.0,101.0,1.0,-94.0,,ROCK-B.CO,CO,448.0,,,218.0,,,0.0,,0.0,,,915.0,416.0,249,448.0,290,42,,405,,-2,102.0,,-10,695.0,271.0,303.0,,218.0,,,,,,,,,,,,,,,
2019-12-31,652,,,,49.0,,314,7826,750.0,2512,1161,9,,,2261,,13,937,551,3998.0,7574.0,-3.90753,21798.0,240.56117,9989.0,,7636.0,14162.0,21798.0,4058.0,,,242.7,2.8801,,,-1,699.0,700.0,917.0,,,,,217.0,,,-316,141,265,-182.0,-751.0,1102.0,-497.0,,-2,9.0,502,-682,178.0,1038.0,561.0,-435.0,,DEMANT.CO,CO,3387.0,,,792.0,2593.0,598,3338.0,13,627.0,243,,6914.0,8844.0,1852,4014.0,1972,,,5624,-78,-122,1038.0,1,-100.0,7596.0,4196.0,4586.0,,792.0,,,,,,,,,,,,568.0,,,
2019-06-30,546,,,,49.0,,232,7519,695.0,1252,1090,12,,,2292,,-66,896,566,3854.0,7601.0,-2.58285,20759.0,243.91669,9197.0,,7584.0,13175.0,20759.0,2788.0,,,244.4,2.96407,,,-4,763.0,767.0,994.0,,,,,227.0,,,-255,139,107,-10.0,-663.0,1047.0,-655.0,,-3,-8.0,257,-264,366.0,1113.0,589.0,-408.0,,DEMANT.CO,CO,3210.0,,,614.0,6409.0,609,0.0,14,539.0,272,,6426.0,9247.0,1777,3749.0,1649,,,5701,-40,-119,1113.0,0,,7350.0,4076.0,4588.0,,614.0,,,,,,,,,,,,552.0,,,
2020-03-31,15.612,,,,5.441,,27.782,61.012,37.273,,3.304,,,,101.284,,-3.241,15.657,5.267,52.901,201.098,2.64487,452.537,39.70437,88.904,,203.298,249.239,452.537,39.027,,,40.1,0.33431,,,,13.406,13.406,18.019,,,,,4.613,,,-0.864,0.076,4.594,-16.99,-1.262,35.914,6.727,4.116,,-0.261,17.505,-3.888,17.401,13.406,11.665,-0.398,-30.607,SIM.CO,CO,230.053,,49.252,49.252,9.746,,40.131,,4.6299999999999955,8.845,,292.78,166.773,,234.683,43.606,,,59.318,,0.491,17.528,,-0.139,102.924,19.743,41.79,,,,,,,,,,,,,,22.186,,,
2019-12-31,18.503,,0.0,,5.441,,25.931,61.178,38.379,,2.903,,,,79.014,,-1.983,12.796,5.357,55.65,226.562,3.29456,437.912,39.59952,71.648,,230.02,207.892,437.912,41.585,,,39.93332,0.60942,,,,24.336,24.336,32.071,,,,,7.735,,,-0.482,0.05600000000000005,13.033,-2.594999999999999,-0.5289999999999964,8.015999999999991,-32.843999999999994,,,0.055999999999999994,-2.6180000000000003,0.006000000000000227,4.948000000000002,24.336,16.524,-0.046999999999997044,0.017000000000003013,SIM.CO,CO,233.578,,31.851,31.851,10.063,,20.0,,2.341000000000008,6.675,,274.445,127.58,,235.919,47.422,,,80.417,,-1.884,33.955,,-0.111,127.839,23.581,46.462,,,,,,,,,,,,,,22.992,,,
2019-09-30,,,9.963,,5.441,,26.258,60.718,39.212,,2.783,,,,39.319,,-2.232,9.722,4.645,52.231,190.575,2.6217,405.065,39.59919,67.725,,203.747,201.318,405.065,38.422,,,40.0,0.7315,,,,29.26,29.26,37.601,,,,,8.341,,,0.125,0.12399999999999997,2.0310000000000006,14.150999999999996,-58.298,23.678000000000004,-25.141000000000002,,,-0.179,17.405,-3.2669999999999995,-20.648,29.259999999999998,19.559,-58.423,0.012999999999998124,SIM.CO,CO,209.744,,26.903,26.903,9.303,,20.0,,1.3300000000000125,7.499,,245.476,126.916,,211.074,40.756,,,76.668,,2.422,35.179,,-0.219,117.424,20.248,41.489000000000004,,,,,,,,,,,,,,21.46,,58.294,
2019-06-30,,,9.963,,5.441,,16.151,27.962,11.581,,2.788,,,,38.223,,-3.464,7.319,2.09,53.103,162.56,3.40475,341.024,39.63787,47.511,,174.5,166.524,341.024,38.233,,,40.1,0.59182,,,,23.732,23.732,31.737,,,,,8.005,,,-1.154,0.015000000000000013,2.754999999999999,-44.855,-1.221,22.935,-9.338,,,-0.11600000000000005,-2.6759999999999997,-6.268000000000001,-23.257,23.732,11.769,-0.067,-35.911,SIM.CO,CO,185.97,,47.551,47.551,9.278,,0.0,,1.2450000000000045,8.734,,243.5,104.821,,187.215,39.945,,,69.586,,-0.53,32.267,,-0.136,109.531,18.035,37.318999999999996,,,,,,,,,,,,,,19.42,,57.32,
2020-03-31,8846,646,,,4204.0,,2508,,657.0,35262,787,3055,,,18456,,12326,29885,23959,107724.0,69430.0,203.10941,193636.0,419.98546,44280.0,,85960.0,107676.0,193636.0,39795.0,,,420.23438,10.62596,,,0,5379.0,5407.0,6908.0,,,,,1501.0,0,,-5238,2161,1267,176.0,-1965.0,-495.0,-4763.0,,1631,48.0,2955,,-2236.0,9449.0,-5181.0,3273.0,-4410,ORSTED.CO,CO,8523.0,,4899.0,17840.0,4485.0,2891,0.0,12041,4254.0,,,57618.0,32433.0,14960,12777.0,9278,1754,,8954,-4,-585,7681.0,-188,-297,18232.0,1023.0,1273.0,-1203,,12941,,,,,,,,,,,,,,
2019-12-31,10832,632,,,4204.0,,3371,,672.0,36039,714,3248,,,16602,,13645,29689,23799,106013.0,68465.0,203.91658,192860.0,419.98546,42172.0,,86314.0,106546.0,192860.0,40767.0,,,418.77018,3.90663,,,-9,1391.0,1429.0,2162.0,,,,,733.0,-443,,-8825,1610,-57,-3810.0,654.0,4789.0,-784.0,,-358,83.0,-3452,0.0,1716.0,5260.0,313.0,9479.0,0,ORSTED.CO,CO,8879.0,,7148.0,23700.0,1405.0,1713,0.0,7740,5599.0,,,59949.0,29471.0,14031,14478.0,13384,2444,,6431,0,-4061,2803.0,3420,-395,19815.0,1150.0,3628.0,429,,16552,,,,,,,,,,,,,,
2019-09-30,14037,625,,,4204.0,,5175,,590.0,32643,688,3153,,,17038,,12508,26311,21609,100158.0,67504.0,199.08811,194521.0,420.04518,43966.0,,84216.0,110305.0,194521.0,37469.0,,,438.0,1.93188,,,-4,852.0,822.0,1580.0,,,,,758.0,24,,-6738,618,0,4398.0,-7169.0,1062.0,-2558.0,,-1081,141.0,5479,0.0,-1568.0,3328.0,292.0,-431.0,0,ORSTED.CO,CO,8305.0,,5371.0,31073.0,6497.0,1960,0.0,4909,10894.0,,,69516.0,38197.0,14335,19199.0,10842,1681,,3701,7,121,1632.0,-173,-556,14543.0,929.0,2069.0,8,,25702,,,,,,,,,,,,,,
2019-06-30,12291,446,,,4204.0,,4695,,564.0,32400,740,3247,,,19099,,12358,25263,21638,91800.0,66637.0,196.72884,185949.0,420.04518,37709.0,,83199.0,102750.0,185949.0,36879.0,,,408.52941,3.11165,,,-20,1680.0,1718.0,2176.0,,,,,458.0,-291,,-3100,2085,30,3017.0,-7259.0,7501.0,4302.0,,1870,-68.0,1246,-99.0,3191.0,4425.0,-1226.0,-4159.0,0,ORSTED.CO,CO,7303.0,,6968.0,32453.0,830.0,2144,0.0,6303,9917.0,,,69063.0,32666.0,13087,17220.0,12291,1689,,4986,11,-369,2718.0,-173,-211,17277.0,951.0,2268.0,-172,,25485,,,,,,,,,,,,,,
2020-06-30,,83,,,90.0,,389,,1397.0,2608,56570,,,39013.0,1055,,1145,836,27,952.0,4676.0,51.75853,99635.0,87.232,2608.0,,5912.0,93723.0,99635.0,2608.0,,1,87.411,4.27364,,,,389.0,389.0,504.0,,,,,115.0,,,10,-40,0,-374.0,793.0,1792.0,-25.0,,,-18.0,359,7,2193.0,,,783.0,-741,TOP.CO,CO,,,,,,,0.0,,,,,,,,368.0,,,,,23,,499.0,5,287,,331.0,10421.0,,646.0,,,662.0,88752.0,310.0,9470.0,405.0,5320,4987.2,-2985.0,4842.0,,,,
2020-03-31,,129,,,90.0,,378,,1336.0,2249,56019,,,33708.0,1051,,1146,1014,71,949.0,5005.0,56.25839,93704.0,87.187,2249.0,,6241.0,87463.0,93704.0,2249.0,,0,87.127,1.00772,,,,-193.0,-193.0,-242.0,,,,,-49.0,,,-73,-49,-89,366.0,-3422.0,2862.0,-932.0,,-1.0,11.0,346,21,-183.0,,,-3349.0,0,TOP.CO,CO,,,,,,62.0,0.0,,,,,,,,407.0,,,,,32,,-244.0,2,-108,,43.0,-2692.0,,359.0,,,793.0,82642.0,308.0,-2967.0,538.0,-8819,5131.2,-3444.0,7376.0,,,,
2019-12-31,,94,,,90.0,,377,,1291.0,1902,57178,,,37523.0,1895,,1146,711,25,948.0,5161.0,58.64449,98442.0,87.067,1902.0,,6397.0,92045.0,98442.0,1902.0,,0,87.367,4.94466,,,,431.0,431.0,551.0,,,,,120.0,1.0,,-90,-45,-323,-534.0,-584.0,2059.0,351.0,,,,-540,6,931.0,,,-494.0,0,TOP.CO,CO,,,,,,0.0,0.0,,,,,,,,225.0,,,,,22,,549.0,2,-315,,631.0,6198.0,,550.0,,,702.0,87066.0,300.0,5560.0,496.0,1043,4999.679999999999,-2732.0,4808.0,,,,
2019-09-30,,112,,,90.0,,384,,1238.0,2442,56319,,,36208.0,1577,,1147,895,24,947.0,4708.0,54.18129,96258.0,86.875,2442.0,,5945.0,90313.0,96258.0,2442.0,,0,87.261,3.26606,,,,285.0,285.0,371.0,,,,,86.0,,,-52,-32,0,461.0,-2780.0,1954.0,266.0,,,13.0,458,2,-352.0,,,-2728.0,0,TOP.CO,CO,,,,,,0.0,0.0,,,,,,,,493.0,,,,,19,,378.0,-7,194,,397.0,6657.0,,287.0,,,742.0,84903.0,232.0,5815.0,814.0,852,5154.24,-2875.0,4595.0,,,,
2019-06-30,,172,,,90.0,,385,,1209.0,1984,54677,,,34621.0,1521,,1146,817,26,967.0,4412.0,51.27792,93041.0,86.86,1984.0,,5663.0,87378.0,93041.0,1984.0,,15,87.268,5.02879,,,,392.0,392.0,502.0,,,,,110.0,-1.0,,-75,-24,0,-1870.0,-735.0,1822.0,-226.0,,-2.0,-8.0,-601,33,-791.0,,,-660.0,-1300,TOP.CO,CO,,,,,,0.0,0.0,,,,,,,,475.0,,,,,18,,486.0,16,287,,465.0,5925.0,,282.0,,,784.0,82499.0,296.0,4859.0,617.0,1393,4224.96,-2073.0,4145.0,,,,
2019-12-31,180,,,,63.0,,47,,31.0,1273,5,,,,177,,,24,3,4762.0,3617.0,87.85973,5517.0,41.53211,1409.0,,3680.0,1837.0,5517.0,1273.0,,,42.17159,-1.68241,,,,-95.0,-95.0,-79.0,,,,,16.0,,,-152,40,9,-105.0,-154.0,215.0,40.0,231,-37,0.0,-68,,-44.0,-51.0,-5.0,-2.0,0,DRLCO.CO,CO,264.0,,,310.0,136.0,,0.0,38.0,63.0,41,,716.0,493.0,,327.0,368,197,,231,1,-28,-51.0,,,599.0,37.0,282.0,37,310.0,,,,,,,,,,,,10.0,,,
2019-06-30,175,,,,63.0,,49,,43.0,1339,4,,,,154,,,25,2,4863.0,3712.0,89.85818,5653.0,41.53211,1475.0,,3775.0,1878.0,5653.0,1339.0,,,41.53211,-0.35515,,,,-18.0,-18.0,-5.0,,,,,13.0,,,-155,43,15,-75.0,-149.0,205.0,-7.0,190,-40,1.0,-35,,-18.0,35.0,-13.0,6.0,0,DRLCO.CO,CO,286.0,,,354.0,136.0,,0.0,,58.0,43,,741.0,465.0,,344.0,342,190,,281,1,-40,35.0,,,623.0,50.0,246.0,5,354.0,,,,,,,,,,,,0.0,,,
