period,accountsPayable,accruedExpenses,additionalPaidInCapital,cashDuefromBanks,commonStockTotal,customerLiabilityAcceptances,deferredIncomeTax,goodwillNet,intangiblesNet,longTermDebt,longTermInvestments,minorityInterest_x,netLoans,otherAssetsTotal,otherCurrentliabilitiesTotal,otherEarningAssetsTotal,otherEquityTotal,otherLiabilitiesTotal,otherLongTermAssetsTotal,propertyPlantEquipmentTotalNet,retainedEarnings,tangibleBookValueperShare,totalAssets,totalCommonSharesOutstanding,totalDebt,totalDeposits,totalEquity,totalLiabilities,totalLiabilitiesShareholdersEquity,totalLongTermDebt,totalShortTermBorrowings,unrealizedGainLoss,dilutedAverageShares,dilutedEPS,interestIncomeBank,loanLossProvision,minorityInterest_y,netIncome,netIncomeAfterTaxes,netIncomeBeforeTaxes,netInterestIncAfterLoanLossProv,netInterestIncome,nonInterestExpenseBank,nonInterestIncomeBank,provisionforIncomeTaxes,totalAdjustmentstoNetIncome,totalInterestExpense,capitalExpenditures,cashInterestPaid,cashTaxesPaid,cashfromFinancingActivities,cashfromInvestingActivities,cashfromOperatingActivities,changesinWorkingCapital,depreciationDepletion,financingCashFlowItems,foreignExchangeEffects,issuanceRetirementofDebtNet,issuanceRetirementofStockNet,netChangeinCash,netIncomeStartingLine,nonCashItems,otherInvestingCashFlowItemsTotal,totalCashDividendsPaid,ticker,market,accountsReceivableTradeNet,accumulatedDepreciationTotal,cashEquivalents,cashandShortTermInvestments,currentPortofLTDebtCapitalLeases,noteReceivableLongTerm,notesPayableShortTermDebt,otherCurrentAssetsTotal,otherReceivables,prepaidExpenses,propertyPlantEquipmentTotalGross,totalCurrentAssets,totalCurrentLiabilities,totalInventory,totalReceivablesNet,costofRevenueTotal,depreciationAmortization,gainLossonSaleofAssets,grossProfit,interestExpIncNetOperatingTotal,interestIncExpNetNonOperatingTotal,operatingIncome,otherNonOperatingIncExpNet,otherOperatingExpensesTotal,revenue,sellingGeneralAdminExpensesTotal,totalOperatingExpense,unusualExpenseIncome,cash,shortTermInvestments,treasuryStockCommon,insuranceReceivables,policyLiabilities,amortizationofPolicyAcquisitionCosts,lossesBenefitsandAdjustmentsTotal,netInvestmentIncome,otherRevenueTotal,totalPremiumsEarned,cashPayments,cashReceipts,researchDevelopment,minorityInterest,payableAccrued,amortization,deferredTaxes,deferredPolicyAcquisitionCosts,realizedUnrealizedGainsLosses,otherBearingLiabilitiesTotal,totalPreferredSharesOutstanding,fuelExpense,eSOPDebtGuarantee,equityInAffiliates
2020-06-30,4635.0,2238.0,,212247.69999999998,8622.0,,2147.0,,8986.0,1154154.0,285.0,,2122012.0,24085.0,,1650664.31,6697.0,1240976.0,2655.0,13379.0,149181.0,182.40019,4061603.0,852.59779,1159295.0,1487812.0,164500.0,3897103.0,4061603.0,1159295.0,,,847.69231,2.6,15938.0,1099.0,,2325.0,2325.0,3112.0,6478.0,7577.0,-34054.0,30688.0,787.0,-121.0,8361.0,-278.0,358.0,782.0,-6151.0,-271.0,43002.0,39497.0,,-359.0,156.0,-5792.0,,36736.0,3112.0,393.0,7.0,0.0,DANSKE.CO,CO,,,,,,,,,,,,,,,,,,,,,,,,,,,,,,,,,,,,,,,,,,,,,,,,,,,,
2020-03-31,7026.0,1814.0,,187766.59999999998,8622.0,,2179.0,,9097.0,1145607.0,295.0,,2082113.0,34231.0,,1654984.98,11670.0,1276799.0,1372.0,13690.0,146723.0,185.01316,4007691.0,853.55011,1150873.0,1401985.0,167015.0,3840676.0,4007691.0,1150873.0,,,856.77326,-1.73208,18337.0,4344.0,,-1289.0,-1289.0,-1663.0,1923.0,6267.0,-17234.0,13648.0,-374.0,-195.0,12070.0,-293.0,33.0,1795.0,9823.0,-288.0,59433.0,55400.0,,-33.0,-2730.0,9856.0,,66238.0,-1663.0,5696.0,5.0,0.0,DANSKE.CO,CO,,,,,,,,,,,,,,,,,,,,,,,,,,,,,,,,,,,,,,,,,,,,,,,,,,,,
2019-12-31,6833.0,1993.0,,143296.3,8622.0,,2172.0,,9165.0,1177643.0,341.0,,2150059.0,21345.0,,1400731.89,13865.0,1100403.0,3604.0,14084.0,148021.0,188.99153,3761050.0,853.70492,1183169.0,1295972.0,170508.0,3590542.0,3761050.0,1183169.0,,,855.82413,6.4366,18486.0,598.0,,5040.0,5040.0,1260.0,6555.0,7153.0,-25636.0,20341.0,-3780.0,-197.0,11333.0,-528.0,359.0,1368.0,8216.0,-507.0,-24060.0,-31324.0,,-359.0,945.0,8591.0,0.0,-15406.0,1260.0,6004.0,21.0,-16.0,DANSKE.CO,CO,,,,,,,,,,,,,,,,,,,,,,,,,,,,,,,,,,,,,,,,,,,,,,,,,,,,
2019-09-30,6873.0,2788.0,,152614.69999999998,8622.0,,8445.0,,11070.0,1208123.0,365.0,,2162803.0,26769.0,,1571780.41,13658.0,1237196.0,3706.0,13988.0,143184.0,180.82725,3962718.0,853.82042,1213855.0,1328097.0,165464.0,3797254.0,3962718.0,1213855.0,,,852.72727,3.3,17248.0,292.0,,3011.0,3011.0,3793.0,6540.0,6832.0,-14533.0,11786.0,782.0,-197.0,10416.0,-348.0,34.0,450.0,12501.0,-347.0,-90636.0,-96354.0,,-34.0,856.0,12525.0,,-77626.0,3793.0,1925.0,1.0,10.0,DANSKE.CO,CO,,,,,,,,,,,,,,,,,,,,,,,,,,,,,,,,,,,,,,,,,,,,,,,,,,,,
2019-06-30,5698.0,2697.0,,205789.5,8622.0,,7793.0,,11119.0,1171734.0,385.0,,2073430.0,24806.0,,1418602.85,13906.0,1082159.0,3770.0,14048.0,140460.0,177.82368,3778409.0,854.0426,1177570.0,1339504.0,162988.0,3615421.0,3778409.0,1177570.0,,,852.22222,3.20823,15925.0,221.0,,4032.0,4032.0,4757.0,6760.0,6981.0,-20191.0,18188.0,725.0,-196.0,8944.0,-432.0,358.0,1197.0,5481.0,1240.0,10006.0,5729.0,,-358.0,-1509.0,5822.0,0.0,15218.0,4757.0,-480.0,1672.0,17.0,DANSKE.CO,CO,,,,,,,,,,,,,,,,,,,,,,,,,,,,,,,,,,,,,,,,,,,,,,,,,,,,
2019-12-31,17149.0,,,,3051.0,,6503.0,,69805.0,19714.0,4364.0,2587,,,12050,,-33652.0,16392.0,1938.0,27886.0,74049.0,-178.09216,123120.0,147.99641,24991.0,,43448.0,79672.0,123120.0,20879.0,,,150.031,21.46662,,,-444,3490.0,3934.0,5375.0,,,,,1441.0,,,-2285.0,571.0,1135.0,-5786.0,-937.0,5743.0,-1320.0,2376,-1863.0,28.0,-1572.0,-2351.0,-952.0,5294.0,-607.0,1348.0,0.0,CARL-B.CO,CO,5339.0,,5222.0,5222.0,4112.0,1179.0,0.0,,1860.0,776.0,,17948.0,33311.0,4751.0,7199.0,16601.0,,-407.0,16311.0,-141.0,-170.0,6069.0,-117.0,-82.0,32912.0,11240.0,10242.0,-775.0,,,,,,,,,,,,,,,,,,,,,,,,
2019-06-30,18711.0,,,,3051.0,,20959.0,,68760.0,16740.0,7338.0,2476,,,12778,,-34550.0,,,27841.0,75706.0,-163.19511,125417.0,150.45181,26286.0,,44207.0,81210.0,125417.0,18046.0,,,152.425,19.56307,,,-464,3079.0,3543.0,4853.0,,,,,1310.0,,,-2307.0,462.0,1099.0,-4507.0,-1340.0,6496.0,-683.0,2166,-657.0,18.0,637.0,-1749.0,667.0,5171.0,-158.0,967.0,-2738.0,CARL-B.CO,CO,6878.0,,6125.0,6125.0,8240.0,,0.0,,3357.0,,,21478.0,39729.0,5118.0,10235.0,16663.0,,407.0,16327.0,-137.0,-296.0,4897.0,-155.0,-26.0,32990.0,11319.0,11430.0,274.0,,,,,,,,,,,,,,,,,,,,,,,,
2019-12-31,1018.119,,772.673,,100.2,,546.128,2335.12,2180.982,2153.807,145.499,9.449,,,939.903,,-26.971,105.292,,2500.946,2251.145,-28.83292,8492.54,49.21649,2776.602,,3097.047,5395.493,8492.54,2153.807,,,51.2767,4.34271,,,0.224,222.68,222.456,266.734,,,,,44.278,,,-115.75900000000001,11.642,145.54600000000002,-83.22400000000005,-157.312,197.2449999999999,-164.5,91.607,0.0,0.26,-21.042,-62.18199999999996,-43.03099999999999,222.4559999999999,47.68199999999996,-41.553,0.0,RBREW.CO,CO,735.864,,,71.985,622.795,,0.0,,0.0,59.471,,1329.993,2580.817,462.673,735.864,878.825,,,908.622,,-0.464,267.198,,,1787.447,641.424,641.424,,71.985,,,,,,,,,,,,,,,,,,,,,,,
2019-09-30,1157.567,,772.673,,100.2,,539.723,2288.901,2190.046,2221.672,136.942,9.673,,,1065.956,,-42.81,100.72,,2473.23,2093.919,-31.02701,8594.099,50.11649,2796.478,,2923.982,5670.117,8594.099,2221.672,,,48.42295,7.8,,,0.65,377.699,377.049,491.177,,,,,114.128,,,-84.12099999999998,8.415000000000003,25.072000000000003,-405.525,-59.990999999999985,490.778,-83.77099999999999,81.28300000000002,0.0,0.619,-293.116,-112.40899999999999,25.880999999999997,377.049,116.21700000000001,24.129999999999995,0.0,RBREW.CO,CO,804.631,,,115.016,574.806,,0.0,,0.0,58.965,,1504.98,2798.329,526.368,804.631,951.426,,,1162.546,,-0.911,492.088,,,2113.972,670.458,670.458,,115.016,,,,,,,,,,,,,,,,,,,,,,,
2019-06-30,1345.728,,772.673,,100.2,,541.105,2288.995,2181.474,2541.299,136.488,10.323,,,1174.395,,-45.405,93.514,,2491.894,1824.939,-36.04321,8906.83,50.44118,3089.358,,2652.407,6254.423,8906.83,2541.299,,,49.74628,7.8,,,0.15,388.021,387.871,499.884,,,,,112.013,,,-55.742000000000004,8.617999999999999,110.113,-819.5450000000001,-45.603999999999985,815.164,229.74299999999997,83.23899999999999,0.0,-0.33699999999999997,-96.59100000000007,-184.95800000000003,-50.321999999999996,387.87100000000004,114.311,10.138000000000034,-537.996,RBREW.CO,CO,1124.574,,,89.135,548.059,,0.0,,0.0,49.967,,1807.979,3068.182,544.303,1124.574,1041.564,,,1228.272,,0.94,498.944,,,2269.836,729.328,729.328,,89.135,,,,,,,,,,,,,,,,,,,,,,,
2020-03-31,3934.0,3,,,1025.0,,234.0,4309,2179.0,3095.0,191.0,16,,,5012,,-695.0,1109.0,1149.0,2401.0,8191.0,40.61414,22305.0,50.05646,3476.0,,8521.0,13784.0,22305.0,3277.0,,,50.105,2.05568,,,-3,98.0,106.0,150.0,,,,,44.0,,,-67.0,,89.0,-7.0,-109.0,-35.0,-304.0,,0.0,-39.0,-7.0,0.0,-190.0,319.0,-50.0,-42.0,,FLS.CO,CO,6892.0,,811.0,811.0,199.0,,0.0,,1107.0,540.0,,12076.0,9148.0,2726.0,7999.0,3478.0,173,,1047.0,,4.0,146.0,,-12,4525.0,740.0,901.0,0,,,,,,,,,,,,,,,,,,,,,,,,
2019-12-31,4350.0,4,,,1025.0,,352.0,4376,2235.0,2890.0,209.0,14,,,5370,,-328.0,1170.0,1246.0,2512.0,8082.0,43.31109,23532.0,50.05646,3493.0,,8779.0,14753.0,23532.0,3094.0,,,50.158,4.5623,,,-3,224.0,229.0,323.0,,,,,94.0,,,-146.0,,113.0,7.0,-92.0,327.0,-276.0,,0.0,-22.0,2.0,5.0,220.0,580.0,23.0,54.0,0.0,FLS.CO,CO,7680.0,,1001.0,1001.0,399.0,,0.0,,968.0,591.0,,12954.0,10123.0,2714.0,8648.0,4695.0,187,,1327.0,,-70.0,393.0,,-20,6022.0,763.0,934.0,4,,,,,,,,,,,,,,,,,,,,,,,,
2019-09-30,3819.0,8,,,1025.0,,327.0,4398,2249.0,3121.0,209.0,15,,,5733,,-217.0,1096.0,1198.0,2584.0,7881.0,40.80539,23148.0,50.04241,3461.0,,8689.0,14459.0,23148.0,3329.0,,,50.155,3.80819,,,1,191.0,190.0,284.0,,,,,94.0,,,-106.0,,57.0,-115.0,-111.0,244.0,-144.0,,0.0,8.0,-123.0,8.0,26.0,459.0,-71.0,-5.0,0.0,FLS.CO,CO,7260.0,,781.0,781.0,132.0,,0.0,0.0,1113.0,446.0,,12510.0,9692.0,2910.0,8373.0,3610.0,165,,1126.0,,-10.0,294.0,,-11,4736.0,678.0,832.0,0,,,,,,,,,,,,,,,,,,,,,,,,
2019-06-30,3914.0,8,,,1025.0,,320.0,4323,2254.0,3216.0,207.0,16,,,5921,,-394.0,1034.0,1185.0,2525.0,7666.0,34.39156,23067.0,50.01227,3557.0,,8297.0,14770.0,23067.0,3439.0,,,50.155,4.65897,,,-1,222.0,234.0,349.0,,,,,115.0,,,-88.0,,43.0,13.0,-373.0,143.0,-353.0,,1.0,-12.0,458.0,4.0,-229.0,574.0,-78.0,-285.0,-450.0,FLS.CO,CO,7269.0,,755.0,755.0,118.0,,0.0,0.0,1257.0,399.0,,12573.0,9961.0,2893.0,8526.0,4157.0,193,,1315.0,,-32.0,381.0,,-13,5472.0,753.0,934.0,1,,,,,,,,,,,,,,,,,,,,,,,,
2019-12-31,7034.0,,,,185.0,,1344.0,21257,3308.0,16308.0,336.0,24,,,10114,,-892.0,1517.0,662.0,4472.0,13421.0,-65.19827,50061.0,184.69814,17505.0,,12523.0,37538.0,50061.0,16308.0,,,186.04,5.31994,,,-9,960.0,972.0,1455.0,,,,,483.0,,,-592.0,388,11.0,-7494.0,161.0,3880.0,841.0,851,-232.0,95.0,-7262.0,,-3358.0,1872.0,316.0,753.0,0.0,ISS.CO,CO,12085.0,,2670.0,2670.0,1197.0,,0.0,1806,3190.0,,,20026.0,18345.0,275.0,15275.0,3872.0,851,,36797.0,,-312.0,1832.0,-65,9047,40669.0,25027.0,34965.0,40,,,-191.0,,,,,,,,,,,,,,,,,,,,,
2019-06-30,3430.0,,,,185.0,,1326.0,20960,3319.0,23340.0,315.0,24,,,12701,,-906.0,1678.0,803.0,4700.0,12148.0,-70.61798,54789.0,184.698,24394.0,,11236.0,43553.0,54789.0,23340.0,,,185.96,4.33278,,,-12,390.0,778.0,1038.0,,,,,260.0,,,-541.0,284,502.0,1623.0,-691.0,-1816.0,-4000.0,766,-115.0,78.0,3160.0,,-806.0,1418.0,0.0,-150.0,-1422.0,ISS.CO,CO,11527.0,,6028.0,6028.0,1054.0,,0.0,3679,3213.0,,,24692.0,17185.0,245.0,14740.0,3713.0,766,,34173.0,,-275.0,1365.0,-52,7428,37886.0,24561.0,32808.0,53,,,-191.0,,,,,,,,,,,,,,,,,,,,,
2020-06-30,,29,,,1511.0,,904.0,,7208.0,9873.0,43627.0,1.0,,3604.0,278,,-19.0,942.0,0.0,807.0,10361.0,15.39435,60252.0,301.734,11074.0,,11853.0,48399.0,60252.0,9873.0,,,301.56692,4.13175,,,,1246.0,1246.0,1539.0,,,,,293.0,,,-9.0,-24,-92.0,675.0,-1673.0,569.0,-1307.0,,0.0,8.0,579.0,96,-421.0,,,-1664.0,0.0,TRYG.CO,CO,,,,,,116,1201.0,,,,,,,,670.0,,,,,24,,1610.0,-71,-485,,152.0,3874.0,,843.0,,,3377.0,35171.0,661.0,3522.0,92.0,,5176.32,-2819.0,4811.0,,,,,,,,,,,,
2020-03-31,,35,,,1511.0,,907.0,,7156.0,11342.0,41957.0,,,4468.0,108,,-68.0,1700.0,,818.0,9015.0,10.94461,59880.0,301.701,11930.0,,10458.0,49422.0,59880.0,11342.0,,,300.68027,-1.47,,,,-442.0,-442.0,-372.0,,,,,70.0,,,-3.0,-32,-166.0,-1280.0,-287.0,1971.0,305.0,,1.0,-7.0,-159.0,-109,397.0,,,-284.0,-1013.0,TRYG.CO,CO,,,,,,147,588.0,,,,,,,,1326.0,,,,,32,,-277.0,-95,1016,,184.0,5900.0,,1265.0,,,2743.0,34742.0,644.0,4024.0,139.0,,5264.639999999999,-5363.0,7227.0,,,,,,,,,,,,
2019-12-31,,33,,,1511.0,,911.0,,7364.0,10954.0,44262.0,,,3073.0,125,,-22.0,1187.0,,885.0,10596.0,15.648,59059.0,301.69999,11665.0,,12085.0,46974.0,59059.0,10954.0,,,303.16156,2.32879,,,,705.0,706.0,940.0,,,,,234.0,,,-15.0,-44,-573.0,-415.0,1882.0,-1592.0,-768.0,,,1.0,174.0,-76,-124.0,,,1897.0,-514.0,TRYG.CO,CO,,,,,,52,711.0,,,,,,,,588.0,,,,,53,,994.0,-54,-190,,168.0,4517.0,,868.0,,,1967.0,33053.0,666.0,3820.0,132.0,,5163.84,-5129.0,4922.0,,,,,,,,,,,,
2019-09-30,,24,,,1511.0,,895.0,,7317.0,9344.0,43645.0,,,3205.0,335,,-34.0,1302.0,,951.0,10420.0,15.16145,59169.0,302.082,9836.0,,11897.0,47272.0,59169.0,9344.0,,,301.12503,1.99253,,,,599.0,600.0,779.0,,,,,179.0,,,-54.0,-44,-9.0,-472.0,-954.0,1810.0,134.0,,0.0,-2.0,40.0,2,382.0,,,-900.0,-514.0,TRYG.CO,CO,,,,,,69,492.0,,,,,,,,684.0,,,,,44,,872.0,-93,63,,206.0,4689.0,,992.0,,,2306.0,34880.0,600.0,3776.0,137.0,,5207.04,-3294.0,5023.0,,,,,,,,,,,,
2019-06-30,,30,,,1511.0,,917.0,,7271.0,7971.0,42574.0,,,3096.0,312,,-24.0,1030.0,24.0,923.0,10395.0,15.26407,57919.0,302.082,8383.0,,11882.0,46037.0,57919.0,7971.0,,,301.93579,2.58995,,,,782.0,782.0,979.0,,,,,197.0,,,25.0,-45,-116.0,-578.0,68.0,671.0,-425.0,,-1.0,-2.0,-112.0,48,159.0,,,43.0,-513.0,TRYG.CO,CO,,,,,,183,412.0,,,,,,,,645.0,,,,,45,,1084.0,-105,-63,,178.0,4309.0,,610.0,,,2593.0,35365.0,625.0,3524.0,118.0,,5064.0,-3769.0,5026.0,,,,,,,,,,,,
2020-03-31,2337.0,,,,100.0,,155.0,4352,2972.0,3373.0,279.0,,,,2454,,813.0,278.0,706.0,5910.0,5105.0,-40.27929,19529.0,91.66,10673.0,,3632.0,15897.0,19529.0,5840.0,,,80.0,3.23438,,,,-23.0,-23.0,-30.0,,,,,-7.0,-1.0,,-118.0,47,76.0,-419.0,-124.0,55.0,-445.0,530,0.0,-29.0,838.0,-431,-517.0,-30.0,0.0,-6.0,-826.0,PNDORA.CO,CO,1081.0,,,537.0,4833.0,,0.0,281,1256.0,,,5310.0,9624.0,2155.0,2337.0,942.0,,,3230.0,,-234,204.0,,-1.0,4172.0,2592.0,3026.0,435,537.0,,-2386.0,,,,,,,,,,,,,,,,,,,,,
2019-12-31,3095.0,,,,100.0,,235.0,4416,3029.0,5158.0,290.0,,,,2682,,1167.0,279.0,676.0,6595.0,5946.0,-23.63082,21571.0,92.92948,10031.0,,5249.0,16322.0,21571.0,7962.0,,,95.69796,22.21326,,,,1741.0,1741.0,2276.0,,,,,535.0,,,-212.0,43,649.0,-2822.0,-191.0,3204.0,355.0,560,1.0,-3.0,-2223.0,-600,188.0,2276.0,13.0,21.0,0.0,PNDORA.CO,CO,1643.0,,,1054.0,2069.0,,0.0,260,1471.0,,,6565.0,7846.0,2137.0,3114.0,1721.0,,,6235.0,,-27,2303.0,,-1.0,7956.0,3730.0,3932.0,203,1054.0,,-1964.0,,,,,,,,,,,,,,,,,,,,,
2019-09-30,2222.0,,,,100.0,,359.0,4418,3070.0,4008.0,314.0,,,,2746,,1298.0,250.0,1032.0,6866.0,4203.0,-35.27008,21968.0,92.17445,12154.0,,4237.0,17731.0,21968.0,6963.0,,,108.18182,5.44315,,,,-119.0,-119.0,-154.0,,,,,-35.0,,,-186.0,40,72.0,-1059.0,-180.0,1209.0,701.0,718,-56.0,7.0,392.0,-535,-23.0,-154.0,-56.0,6.0,-860.0,PNDORA.CO,CO,1256.0,,,866.0,5191.0,,0.0,372,939.0,,,6268.0,10159.0,2835.0,2195.0,947.0,,,3468.0,,45,-198.0,-1.0,,4415.0,2945.0,3666.0,721,866.0,,-1364.0,,,,,,,,,,,,,,,,,,,,,
2019-06-30,1632.0,,,,100.0,,420.0,4351,3209.0,3407.0,313.0,,,,2124,,1090.0,278.0,968.0,6929.0,4797.0,-22.04515,21533.0,92.17445,11551.0,,5528.0,16005.0,21533.0,6456.0,,,99.24528,7.72754,,,,526.0,526.0,679.0,,,,,153.0,,,-170.0,44,148.0,-1294.0,-171.0,1539.0,75.0,527,-2.0,-4.0,-735.0,-557,70.0,679.0,258.0,-1.0,0.0,PNDORA.CO,CO,1124.0,,,890.0,5095.0,,0.0,250,890.0,,,5763.0,8851.0,2609.0,2014.0,1123.0,,,3570.0,,-85,764.0,,,4693.0,2739.0,2806.0,67,890.0,,-459.0,,,,,,,,,,,,,,,,,,,,,
2020-03-31,1078.0,,,,570.0,,907.0,963,937.0,3515.0,59.0,12,,,1848,,66.0,102.0,1151.0,10103.0,10116.0,31.42142,20423.0,281.71865,5724.0,,10752.0,9671.0,20423.0,3954.0,,,283.4,2.87579,,,0,815.0,815.0,1019.0,,,,,204.0,,,-138.0,16,290.0,-607.0,-138.0,963.0,-538.0,,,-3.0,913.0,-38,215.0,815.0,686.0,0.0,-1482.0,NZYM-B.CO,CO,3089.0,,926.0,949.0,1770.0,30,0.0,23.0,559.0,,,7180.0,4696.0,2560.0,3648.0,1626.0,,,2160.0,,-72,1095.0,-4,-23,3786.0,628.0,1065.0,,,23,,,,,,,,,,,460.0,,,,,,,,,,,
2019-12-31,1117.0,,,,582.0,,879.0,965,961.0,2706.0,59.0,12,,,2075,,76.0,184.0,1161.0,10212.0,10810.0,33.91666,20437.0,281.33668,4702.0,,11468.0,8969.0,20437.0,3159.0,,,283.40519,3.25329,,,0,922.0,922.0,1059.0,,,,,137.0,,,-421.0,17,666.0,-87.0,-418.0,572.0,-811.0,,,-7.0,519.0,-606,60.0,922.0,461.0,3.0,0.0,NZYM-B.CO,CO,3107.0,,711.0,726.0,1543.0,29,0.0,62.0,542.0,,,7050.0,4735.0,2613.0,3649.0,1654.0,,,2077.0,,114,1103.0,-158,-50,3731.0,581.0,974.0,,,15,,,,,,,,,,,443.0,,,,,,,,,,,
2019-09-30,1040.0,,,,582.0,,796.0,971,971.0,2116.0,59.0,12,,,2694,,173.0,218.0,963.0,10321.0,10437.0,32.15973,20152.0,287.62677,4200.0,,11192.0,8960.0,20152.0,2627.0,,,285.7,2.23311,,,0,638.0,638.0,771.0,,,,,133.0,,,-178.0,18,51.0,-1098.0,-177.0,1010.0,-63.0,,0.0,6.0,-480.0,-618,-259.0,638.0,435.0,1.0,0.0,NZYM-B.CO,CO,2963.0,,651.0,673.0,1573.0,32,0.0,,398.0,,,6835.0,5307.0,2801.0,3361.0,1647.0,,,2057.0,,-79,852.0,-2,-5,3704.0,690.0,1205.0,,,22,,,,,,,,,,,520.0,,,,,,,,,,,
2019-06-30,1097.0,,,,582.0,,803.0,967,1005.0,2136.0,59.0,12,,,2276,,-41.0,211.0,955.0,10232.0,10469.0,31.42267,20059.0,287.62677,4650.0,,11010.0,9049.0,20059.0,2670.0,,,288.1,3.11697,,,0,898.0,898.0,1109.0,,,,,211.0,,,-254.0,27,32.0,-1030.0,177.0,1051.0,133.0,,,-15.0,-320.0,-709,183.0,898.0,20.0,431.0,-1.0,NZYM-B.CO,CO,2715.0,,910.0,929.0,1980.0,32,0.0,,385.0,,,6809.0,5353.0,2780.0,3100.0,1571.0,,,1887.0,,-74,1189.0,-6,-455,3458.0,608.0,698.0,,,19,,,,,,,,,,,545.0,,,,,,,,,,,
2020-03-31,150.91,78.229,,,583.003,,,,5424.399,3110.481,,,,,29.751,,-37.619,,3.625,946.659,4567.05,-5.38666,9005.271,58.26353,3635.828,,5110.553,3894.718,9005.271,3184.714,,-1.282,40.83952,12.6,,,,514.578,514.578,515.587,,,,,1.009,,,-33.615,9.337,0.0,1363.041,-630.145,432.027,-215.537,83.616,-77.483,2.055,-1386.466,2826.99,1166.978,514.578,49.37,-596.53,,BAVA.CO,CO,213.396,,1464.523,2205.15,451.114,,0.0,0.0,16.138000000000005,9.14,,2630.588,710.004,186.764,229.534,243.084,,,122.321,,-20.807,557.588,-21.194,-627.647,365.405,126.299,-435.267,,,740.627,-0.599,,,,,,,,,,66.081,,,,,,,,,,,
2019-12-31,112.088,77.427,,,323.891,,,,5484.255,3086.843,,,,,9.009,,-37.558,,1.445,906.494,1577.519,-88.46431,7047.068,40.90689,4983.089,,1865.455,5181.613,7047.068,3134.392,,2.287,40.53163,-1.13218,,,,-45.889,-45.889,-46.833,,,,,-0.944,,,-63.968999999999994,6.1530000000000005,-0.5350000000000001,1367.069,-1163.78,-7.0020000000000095,-18.855000000000004,14.140999999999998,-2.158,-3.297,1369.2269999999999,0.0,192.99,-45.88900000000001,43.601,-1099.8110000000001,,BAVA.CO,CO,44.069,,297.545,472.364,1848.697,,0.0,3.53,24.959999999999994,9.189,,654.874,2047.221,100.762,69.029,134.642,,,155.551,,-16.216,-30.617,,,290.193,65.228,186.168,,,174.819,-0.684,,,,,,,,,,120.94,,,,,,,,,,,
2019-09-30,116.951,70.035,,,323.891,,,,26.2,395.998,,,,,22.78,,-37.659,,1.384,854.558,1619.149,45.72223,2563.218,40.80951,461.35,,1892.102,671.116,2563.218,444.839,,-12.595,40.44377,-2.45232,,,,-99.181,-99.181,-97.694,,,,,1.487,,,-103.39000000000001,5.712000000000001,2.297,5.267000000000024,22.80699999999996,-42.46900000000002,34.278000000000006,14.177000000000003,-0.036,4.7780000000000005,-3.6980000000000075,9.001,-9.617000000000019,-99.18099999999998,8.257000000000001,126.197,,BAVA.CO,CO,47.844,,104.555,1495.596,16.511,,0.0,22.2,25.204,11.813,,1681.076,226.277,78.419,73.048,92.752,,,51.347,,-1.188,-96.506,,,144.099,56.639,147.853,,,1391.041,-0.684,,,,,,,,,,91.214,,,,,,,,,,,
2019-06-30,112.051,93.002,,,323.206,,,,27.976,396.539,,,,,15.476,,-37.252,,1.331,763.508,1705.097,47.99374,2672.034,40.80951,464.928,,1986.577,685.457,2672.034,448.49,,-3.679,40.3259,-2.53143,,,,-102.082,-102.082,-101.32,,,,,0.762,,,-123.31899999999999,2.159,0.7260000000000001,-6.951000000000022,137.78500000000003,-155.594,-77.535,14.254,-0.025,-1.38,-3.6640000000000157,-3.262,-26.139999999999986,-102.082,9.769,261.10400000000004,,BAVA.CO,CO,86.451,,114.172,1637.73,16.438,,0.0,22.2,20.738,14.879,,1879.219,236.967,97.221,107.189,49.808,,,51.554,,-4.304,-97.016,,,101.362,55.179,148.57,,,1523.558,-0.795,,,,,,,,,,93.391,,,,,,,,,,,
2020-03-31,,,,,3774.0,,,,4189.0,6953.0,3521,715,,,7716,,-1314.0,2144,259.0,35176.0,24770.0,1146.61333,53990.0,20.09483,16185.0,,27230.0,26760.0,53990.0,14131.0,,,19.7,9.62223,,,-12,197.0,209.0,337.0,,,,,128.0,,,-310.0,113.0,76.0,-1620.0,-256.0,1216.0,-238.0,,-222.0,-66.0,-727.0,-296,-726.0,552.0,902.0,54.0,-375.0,MAERSK-B.CO,CO,5523.0,,,4043.0,2054.0,,0.0,153,0.0,,,10845.0,9770.0,1126.0,5523.0,,1066,,,-85,-215,552.0,,8050,9571.0,,9019.0,-12,4041.0,2,,,,,,,,,,,,,,,,,,,,,,
2019-12-31,,,,,3774.0,,,,4219.0,7455.0,3267,739,,,7832,,-793.0,1977,237.0,35976.0,25117.0,1188.3156,55399.0,20.09483,16753.0,,28098.0,27301.0,55399.0,14750.0,,,19.64317,-3.26831,,,-11,-72.0,-61.0,130.0,,,,,191.0,,,-469.0,477.0,64.0,-1209.0,-435.0,1535.0,-6.0,,-118.0,59.0,-809.0,-282,-50.0,342.0,1199.0,34.0,0.0,MAERSK-B.CO,CO,5351.0,,,4770.0,2003.0,,0.0,149,0.0,,,11700.0,9835.0,1430.0,5351.0,,1160,,,-38,-212,342.0,,8205,9668.0,,9326.0,-1,4768.0,2,,,,,,,,,,,,,,,,,,,,,,
2019-09-30,,,,,3774.0,,,,4265.0,7782.0,3149,744,,,7608,,-990.0,2006,271.0,36415.0,25351.0,1149.72148,55662.0,20.76155,17169.0,,28135.0,27527.0,55662.0,15252.0,,,21.08333,21.15254,,,-14,506.0,520.0,589.0,,,,,69.0,,,-343.0,,179.0,-1520.0,-270.0,1732.0,-65.0,,-246.0,-81.0,-911.0,-363,-139.0,737.0,1060.0,73.0,0.0,MAERSK-B.CO,CO,5544.0,,,4837.0,1917.0,,0.0,52,0.0,,,11562.0,9525.0,1129.0,5544.0,,1063,,,-66,-148,737.0,,8399,10055.0,,9318.0,-78,4835.0,2,,,,,,,,,,,,,,,,,,,,,,
2019-06-30,,,,,3774.0,,,,4320.0,7757.0,3173,741,,,7499,,-726.0,1846,255.0,37162.0,25208.0,1152.90043,56555.0,20.76155,18213.0,,28256.0,28299.0,56555.0,15429.0,,,20.14286,6.39699,,,-12,141.0,154.0,246.0,,,,,92.0,,,-445.0,,128.0,-769.0,-424.0,1177.0,232.0,,-219.0,17.0,65.0,-146,1.0,416.0,529.0,21.0,-469.0,MAERSK-B.CO,CO,5529.0,,,4963.0,2784.0,,0.0,52,0.0,,,11645.0,10283.0,1101.0,5529.0,,1053,,,-67,-170,416.0,,8270,9627.0,,9211.0,-45,4961.0,2,,,,,,,,,,,,,,,,,,,,,,
2020-03-31,3631.0,,,,996.0,,,,22652.0,10807.0,915,,,,4157,,981.0,2121,,2639.0,12097.0,-43.17024,34867.0,198.70171,10884.0,,14074.0,20793.0,34867.0,10807.0,,,198.8,3.35025,,,,151.0,151.0,241.0,,,,,90.0,,,-68.0,,67.0,-836.0,-68.0,188.0,-1069.0,,-22.0,-9.0,0.0,1,-725.0,338.0,919.0,0.0,-815.0,LUN.CO,CO,4025.0,,,2287.0,77.0,,0.0,,0.0,,,8661.0,7865.0,2349.0,4025.0,805.0,844,,3759.0,,-126,338.0,29,,4564.0,1689.0,3421.0,822.0,2283.0,4,,,,,,,,,,,66.0,,,,,,,,,,,
2019-12-31,3933.0,,,,996.0,,1684.0,,23399.0,7121.0,646,,,,4268,,807.0,1681,,2674.0,12751.0,-44.51396,35757.0,198.70171,9637.0,,14554.0,21203.0,35757.0,7558.0,,,198.76,1.16044,,,,230.0,230.0,142.0,,,,,-88.0,,,-188.0,,11.0,6997.0,-7357.0,394.0,-257.0,,,-1.0,6948.0,-20,33.0,291.0,360.0,-7169.0,0.0,LUN.CO,CO,3822.0,,,3012.0,2079.0,,0.0,,0.0,,,9038.0,10280.0,2204.0,3822.0,949.0,55,,3472.0,,-83,291.0,-66,514.0,4421.0,1744.0,3181.0,,3008.0,4,,,,,,,,,,,868.0,,,,,,,,,,,
2019-09-30,3750.0,,,,996.0,,,,9962.0,525.0,1197,,,,3311,,805.0,1353,,2509.0,12566.0,22.16121,23471.0,198.77071,690.0,,14367.0,9104.0,23471.0,525.0,,,198.7,3.77957,,,,751.0,751.0,1030.0,,,,,279.0,,,-113.0,,156.0,-19.0,-114.0,1365.0,5.0,,-19.0,0.0,,0,1232.0,1012.0,348.0,-1.0,0.0,LUN.CO,CO,3574.0,,,4512.0,165.0,,0.0,,0.0,,,9803.0,7226.0,1717.0,3574.0,796.0,47,,3339.0,,16,1012.0,2,,4135.0,1570.0,2327.0,0.0,2975.0,1537,,,,,,,,,,,710.0,,,,,,,,,,,
2019-06-30,3621.0,,,,996.0,,,,9870.0,493.0,1184,,,,3004,,695.0,1308,,2450.0,11807.0,18.25219,22082.0,198.77071,651.0,,13498.0,8584.0,22082.0,493.0,,,198.7,3.96578,,,,788.0,788.0,1078.0,,,,,290.0,,,-85.0,,429.0,-12.0,-221.0,13.0,-1178.0,,-15.0,-4.0,,3,-224.0,1105.0,86.0,-136.0,0.0,LUN.CO,CO,3533.0,,,3281.0,158.0,,0.0,,0.0,,,8578.0,6783.0,1764.0,3533.0,815.0,44,,3431.0,,-51,1105.0,24,0.0,4246.0,1551.0,2326.0,,1743.0,1538,,,,,,,,,,,731.0,,,,,,,,,,,
2020-03-31,154.0,,,,126.0,,82,1543,1331.0,1325.0,,,,,615,,136.0,153,124.0,581.0,2038.0,-2.32713,4788.0,246.65581,1484.0,,2300.0,2488.0,4788.0,1452.0,,,247.61905,0.45348,,,,104.0,104.0,138.0,,,,,34.0,,,-99.0,,83.0,2.0,-99.0,10.0,-192.0,50,,0.0,-4.0,25,-87.0,150.0,2.0,,-19.0,AMBU-B.CO,CO,657.0,,,38.0,32.0,,0.0,,31.0,42,,1209.0,801.0,441.0,688.0,382.0,,,607.0,,-12,150.0,0,,989.0,421.0,457.0,,38.0,,,,,,,,,,,,36.0,,,,,,,,,,,
2019-12-31,196.0,,,,126.0,,65,1529,1283.0,1325.0,,,,,660,,133.0,149,77.0,578.0,1868.0,-2.78648,4680.0,245.82983,1483.0,,2127.0,2553.0,4680.0,1459.0,,,247.05882,0.17,,,,42.0,42.0,56.0,,,,,14.0,,,-80.0,,9.0,195.0,-80.0,-110.0,-232.0,33,,0.0,264.0,8,5.0,93.0,-4.0,0.0,-77.0,AMBU-B.CO,CO,513.0,,,125.0,24.0,,0.0,,21.0,40,,1213.0,880.0,514.0,534.0,303.0,,,457.0,,-36,93.0,-1,,760.0,334.0,364.0,0.0,125.0,,,,,,,,,,,,30.0,,,,,,,,,,,
2019-09-30,266.0,,0.0,,126.0,,66,1547,1242.0,1050.0,,,,,737,,154.0,152,87.0,521.0,1902.0,-2.47385,4558.0,245.36696,1155.0,,2182.0,2376.0,4558.0,1151.0,,,243.05746,-0.01481,,,,-92.0,-92.0,-120.0,,,,,-28.0,,,-82.0,,4.0,32.0,-82.0,152.0,255.0,27,0.0,-1.0,23.0,9,101.0,-118.0,-12.0,0.0,0.0,AMBU-B.CO,CO,474.0,,,120.0,4.0,,0.0,,21.0,40,,1161.0,1007.0,506.0,495.0,270.0,,,336.0,,-1,-118.0,-1,,606.0,291.0,454.0,136.0,120.0,,,,,,,,,,,,27.0,,,,,,,,,,,
2019-06-30,154.0,,0.0,,126.0,,116,1517,1199.0,1025.0,,,,,579,,113.0,144,111.0,492.0,1987.0,-2.00031,4357.0,244.96236,1138.0,,2226.0,2131.0,4357.0,1125.0,,,248.27586,0.98765,,,,216.0,216.0,281.0,,,,,65.0,,,-78.0,,6.0,-170.0,-78.0,225.0,75.0,31,0.0,1.0,-178.0,8,-22.0,117.0,2.0,0.0,0.0,AMBU-B.CO,CO,535.0,,,26.0,6.0,0.0,7.0,,17.0,42,,1038.0,746.0,418.0,552.0,337.0,,,436.0,,165,117.0,-1,,773.0,255.0,319.0,38.0,26.0,,,,,,,,,,,,26.0,,,,,,,,,,,
2020-03-31,1719.0,,,23679.6,776.0,,31,,0.0,395762.0,257,,485197.0,9502.0,,147996.88,3151.0,46340,,4420.0,30246.0,473.16771,674097.0,72.655,402174.0,189455.0,34378.0,639719.0,674097.0,396114.0,6060,205,74.03066,-1.625,2354.0,3.0,,-780.0,-780.0,-996.0,1245.0,1248.0,-6559.0,4318.0,-216.0,-41,1106.0,-82.0,55,,889.0,-71.0,17433.0,18213.0,,-55.0,,1435.0,-491,18251.0,-780.0,,11.0,,JYSK.CO,CO,,,,,,,,,,,,,,,,,,,,,,,,,,,,,,,,,,,,,,,,,,,,,,,,,,,,
2019-12-31,1562.0,,,6922.299999999999,776.0,,241,,1.0,399920.0,257,,485900.0,8939.0,,142298.69,3257.0,38435,,4530.0,31472.0,477.13152,649738.0,74.841,404277.0,169513.0,35710.0,614028.0,649738.0,400289.0,3988,205,75.64738,12.21457,2438.0,-64.0,,966.0,966.0,1226.0,1275.0,1211.0,-5510.0,5461.0,260.0,-42,1227.0,-282.0,28,,-491.0,-225.0,-5173.0,-6139.0,,-28.0,,-69.0,-394,-5889.0,966.0,,57.0,0.0,JYSK.CO,CO,,,,,,,,,,,,,,,,,,,,,,,,,,,,,,,,,,,,,,,,,,,,,,,,,,,,
2019-09-30,2233.0,,,6423.9,816.0,,566,,2.0,403253.0,281,,483797.0,8536.0,,158250.17,3203.0,42876,,4381.0,30954.0,459.8339,662497.0,76.582,407335.0,174270.0,35217.0,627280.0,662497.0,403253.0,4082,244,79.815,4.03667,2523.0,-30.0,,365.0,365.0,449.0,1403.0,1373.0,-1962.0,1008.0,84.0,-42,1150.0,-121.0,55,,-539.0,-121.0,10559.0,10194.0,,-55.0,,0.0,-484,9899.0,365.0,,0.0,0.0,JYSK.CO,CO,,,,,,,,,,,,,,,,,,,,,,,,,,,,,,,,,,,,,,,,,,,,,,,,,,,,
2019-06-30,1921.0,,,10546.9,816.0,,565,,2.0,393467.0,302,,479875.0,8079.0,,141853.07,3235.0,35591,,4402.0,31096.0,449.00652,646416.0,78.814,398924.0,174025.0,35390.0,611026.0,646416.0,393467.0,5457,243,80.364,5.378,2562.0,9.0,,499.0,499.0,633.0,1370.0,1379.0,-3967.0,3230.0,134.0,-40,1183.0,-115.0,19,,-10.0,-130.0,6151.0,5652.0,,690.0,,6.0,-706,6011.0,499.0,,-15.0,0.0,JYSK.CO,CO,,,,,,,,,,,,,,,,,,,,,,,,,,,,,,,,,,,,,,,,,,,,,,,,,,,,
2020-03-31,710.0,,,,569.0,,552,,7485.0,5357.0,,,,,2291,,-802.0,640,2028,1098.0,8512.0,-22.45423,15439.0,128.75077,6652.0,,4594.0,10845.0,15439.0,5727.0,,,130.095,0.77049,,,,101.0,106.0,139.0,,,,,33.0,,,-246.0,,112.0,-943.0,-275.0,86.0,-353.0,273,,-7.0,-471.0,-285,-1139.0,251.0,-85.0,-29.0,-187.0,GN.CO,CO,2572.0,,589.0,589.0,133.0,,792.0,,502.0,,,4828.0,3926.0,1165.0,3074.0,1299.0,172,,1668.0,,-112,251.0,,-9,2967.0,1096.0,1417.0,-1,,,-3685,,,,,,,,,,159.0,-5.0,,,,,,,,,,
2019-12-31,1058.0,,,,569.0,,552,,7422.0,5345.0,257.0,,,,2568,,-921.0,625,1738,1076.0,8625.0,-19.95313,16683.0,128.9522,7031.0,,4849.0,11834.0,16683.0,5702.0,,,130.567,4.37041,,,,556.0,556.0,722.0,,,,,166.0,,,-630.0,,136.0,983.0,-361.0,635.0,-369.0,259,,-4.0,1044.0,-61,1253.0,754.0,-9.0,269.0,0.0,GN.CO,CO,2809.0,,1728.0,1728.0,132.0,,1197.0,,347.0,,,6190.0,4955.0,1306.0,3156.0,1519.0,158,,2165.0,,-32,754.0,,6,3684.0,1081.0,1411.0,19,,,-3424,,,,,,,,,,147.0,0.0,,,,,,,,,,
2019-09-30,802.0,,,,569.0,,401,,7536.0,3926.0,,,,,2396,,-794.0,755,1913,1050.0,8084.0,-21.84812,14774.0,129.80519,5720.0,,4700.0,10074.0,14774.0,4281.0,,,131.536,2.59469,,,,339.0,345.0,451.0,,,,,106.0,,,-217.0,,119.0,-349.0,-158.0,709.0,63.0,347,,5.0,9.0,-358,207.0,384.0,-85.0,59.0,0.0,GN.CO,CO,2291.0,,475.0,475.0,133.0,,1306.0,,336.0,,,4275.0,4637.0,1173.0,2627.0,1171.0,250,,1828.0,,67,384.0,,3,2999.0,1045.0,1444.0,3,,,-3159,,,,,,,,,,143.0,-6.0,,,,,,,,,,
2019-06-30,810.0,,,,569.0,,490,,7446.0,3919.0,,,,,2027,,-1038.0,752,1635,1039.0,7737.0,-22.7479,14191.0,131.0011,5646.0,,4466.0,9725.0,14191.0,4273.0,,,133.253,2.25311,,,,301.0,305.0,398.0,,,,,93.0,,,-206.0,,41.0,-437.0,-243.0,678.0,-42.0,247,,-3.0,-239.0,-198,-5.0,467.0,6.0,-37.0,0.0,GN.CO,CO,2428.0,,268.0,268.0,137.0,,1236.0,,295.0,,,4071.0,4210.0,1080.0,2723.0,1216.0,157,,1835.0,,-69,467.0,,-4,3051.0,1075.0,1368.0,-1,,,-2802,,,,,,,,,,141.0,-4.0,,,,,,,,,,
2020-03-31,664.0,5,,,216.0,,264,,2456.0,,4,,,,2458,,-293.0,382,572,3760.0,6663.0,19.40338,13528.0,212.84955,3169.0,,6586.0,6942.0,13528.0,402.0,,,212.6,5.01881,,,,1067.0,1067.0,1385.0,,,,,318.0,,,-252.0,63,229.0,-354.0,-246.0,611.0,-1112.0,214,,-29.0,-421.0,67,-18.0,1542.0,-33.0,6.0,0.0,COLO-B.CO,CO,3269.0,,498.0,800.0,2767.0,27,0.0,13,525.0,187,,6709.0,5894.0,1915.0,3794.0,1553.0,,,3270.0,,-154,1542.0,-3,-5,4823.0,1551.0,1728.0,,,302,,,,,,,,,,,182.0,,,,,,,,,,,
2019-12-31,679.0,10,,,216.0,,264,,2459.0,,5,,,,2803,,-246.0,442,584,3786.0,5481.0,14.08387,13223.0,212.44162,3574.0,,5451.0,7772.0,13223.0,418.0,,,212.4,5.14124,,,,1092.0,1092.0,1418.0,,,,,326.0,,,-223.0,67,871.0,-662.0,-214.0,1030.0,-615.0,208,,6.0,1877.0,10,160.0,1472.0,-35.0,9.0,-2549.0,COLO-B.CO,CO,2982.0,,516.0,820.0,3156.0,28,0.0,13,417.0,212,,6361.0,6648.0,1917.0,3399.0,1500.0,,,3212.0,,-55,1472.0,1,-15,4712.0,1586.0,1740.0,,,304,,,,,,,,,,,169.0,,,,,,,,,,,
2019-09-30,859.0,9,,,216.0,,264,2030.0,472.0,,5,,,,3000,,-228.0,479,590,3249.0,6925.0,20.8066,12732.0,212.0,1208.0,,6913.0,5819.0,12732.0,134.0,,,215.2,5.27291,,,,793.0,793.0,1028.0,,,,,235.0,,,-276.0,92,81.0,-1642.0,-219.0,1770.0,150.0,165,,3.0,-1774.0,132,-88.0,1079.0,376.0,57.0,0.0,COLO-B.CO,CO,3153.0,,,669.0,1074.0,27,0.0,13,428.0,163,,6359.0,4942.0,1933.0,3581.0,1448.0,,,3170.0,,-33,1079.0,-18,-14,4618.0,1540.0,2091.0,400.0,356.0,313,,,,,,,,,,,165.0,,,,,,,,,,,
2019-06-30,673.0,0,,,216.0,,300,,2486.0,,10,,,,2434,,-134.0,273,465,3146.0,5857.0,16.2877,12551.0,212.0,2932.0,,5939.0,6612.0,12551.0,84.0,,,212.3,5.02,,,,1068.0,1068.0,1387.0,,,,,319.0,,,-141.0,29,92.0,-1070.0,-142.0,1353.0,-175.0,166,,-9.0,256.0,-264,132.0,1438.0,-76.0,-1.0,-1062.0,COLO-B.CO,CO,3227.0,,,755.0,2848.0,29,0.0,73,257.0,189,,6415.0,5955.0,1914.0,3484.0,1476.0,,,3123.0,,-54,1438.0,3,-3,4599.0,1513.0,1685.0,,444.0,311,,,,,,,,,,,175.0,,,,,,,,,,,
2020-03-31,,,11796.0,,65.0,,,,442.0,,149.0,,,,714.0,,,17.0,119.0,491.0,2537.0,214.93092,15303.0,64.93249,174.0,,14398.0,905.0,15303.0,148.0,,,65.77017,4.09,,,,269.0,269.0,354.0,,,,,85.0,,,-58.0,4.0,97.0,15.0,9.0,2192.0,2034.0,,-14.0,53.0,-8.0,37.0,2269.0,354.0,-196.0,67.0,,GMAB.CO,CO,1130.0,,5543.0,12960.0,26.0,12.0,0.0,,0.0,,,14090.0,740.0,,1130.0,,,,,,283.0,71.0,,,892.0,106.0,821.0,,,7417.0,,,,,,,,,,,715.0,,,,,,,,,,,
2019-12-31,,,11755.0,,65.0,,,,470.0,,149.0,,,,912.0,,98.0,3.0,139.0,414.0,2130.0,209.18008,15144.0,64.91058,181.0,,14048.0,1096.0,15144.0,155.0,,,65.75109,22.38532,,,,1471.859,1471.859,1955.171,,,,,483.312,,,-28.852999999999994,13.986,335.68399999999997,7.351999999999862,-1150.6770000000001,174.90599999999995,-2085.682,,-3.2709999999999866,-122.709,-9.475999999999999,20.09900000000016,-1091.1279999999997,1955.171,305.41700000000003,-1121.824,,GMAB.CO,CO,2990.0,,3552.0,10971.0,26.0,11.0,0.0,,0.0,,,13961.0,938.0,,2990.0,,,,,,-220.853,2176.024,,,2961.233,116.551,785.209,,,7419.0,,,,,,,,,,,668.658,,,,,,,,,,,
2019-09-30,,,11738.022,,64.989,,,,419.632,,,,,,623.769,,100.386,3.292,271.24,371.549,611.234,186.57771,13330.303,64.82553,188.611,,12514.631,815.672,13330.303,157.614,,,64.86075,8.28,,,,537.047,537.047,699.279,,,,,162.232,,,-46.57300000000001,1.8770000000000007,0.0,3637.03,-46.240999999999985,319.0680000000001,-102.32600000000002,,-235.001,150.315,-7.199000000000002,3879.23,4060.1719999999996,699.279,-277.885,0.33199999999999363,,GMAB.CO,CO,1139.453,,4643.035,11116.849,30.997,11.58,0.0,,0.0,,,12256.302,654.766,,1139.453,,,,,,348.546,350.733,,,1039.844,81.225,689.111,,,6473.814,,,,,,,,,,,607.886,,,,,,,,,,,
2019-06-30,,,8097.093,,61.69,,,,421.429,,,,,,493.321,,95.71,3.435,366.56,366.927,32.016,127.83298,8977.313,61.52622,194.048,,8286.509,690.804,8977.313,162.811,,,62.87778,1.35,,,,84.885,84.885,110.528,,,,,25.643,,,-14.209999999999997,2.1459999999999995,0.0,26.12,-772.548,184.82899999999995,-19.052999999999997,,0.0,-32.351,-7.161999999999999,33.282,-593.9499999999999,110.528,93.35400000000001,-758.3380000000001,,GMAB.CO,CO,859.911,,582.863,6950.953,31.237,11.533,0.0,,0.0,,,7810.864,524.558,,859.911,,,,,,-26.639,137.167,,,773.914,73.371,636.747,,,6368.09,,,,,,,,,,,563.376,,,,,,,,,,,
2020-03-31,8846,646,,,4204.0,,2508,,657.0,35262,787,3055,,,18456,,12326.0,29885,23959,107724.0,69430.0,203.10941,193636.0,419.98546,44280.0,,85960.0,107676.0,193636.0,39795.0,,,420.23438,10.62596,,,0,5379.0,5407.0,6908.0,,,,,1501.0,0,,-5238.0,2161,1267.0,176.0,-1965.0,-495.0,-4763.0,,1631,48.0,2955.0,,-2236.0,9449.0,-5181.0,3273.0,-4410.0,ORSTED.CO,CO,8523.0,,4899.0,17840.0,4485.0,2891,0.0,12041,4254.0,,,57618.0,32433.0,14960,12777.0,9278,1754,,8954,-4,-585,7681.0,-188,-297,18232.0,1023.0,1273.0,-1203,,12941,,,,,,,,,,,,,,,,,,,,,,
2019-12-31,10832,632,,,4204.0,,3371,,672.0,36039,714,3248,,,16602,,13645.0,29689,23799,106013.0,68465.0,203.91658,192860.0,419.98546,42172.0,,86314.0,106546.0,192860.0,40767.0,,,418.77018,3.90663,,,-9,1391.0,1429.0,2162.0,,,,,733.0,-443,,-8825.0,1610,-57.0,-3810.0,654.0,4789.0,-784.0,,-358,83.0,-3452.0,0.0,1716.0,5260.0,313.0,9479.0,0.0,ORSTED.CO,CO,8879.0,,7148.0,23700.0,1405.0,1713,0.0,7740,5599.0,,,59949.0,29471.0,14031,14478.0,13384,2444,,6431,0,-4061,2803.0,3420,-395,19815.0,1150.0,3628.0,429,,16552,,,,,,,,,,,,,,,,,,,,,,
2019-09-30,14037,625,,,4204.0,,5175,,590.0,32643,688,3153,,,17038,,12508.0,26311,21609,100158.0,67504.0,199.08811,194521.0,420.04518,43966.0,,84216.0,110305.0,194521.0,37469.0,,,438.0,1.93188,,,-4,852.0,822.0,1580.0,,,,,758.0,24,,-6738.0,618,0.0,4398.0,-7169.0,1062.0,-2558.0,,-1081,141.0,5479.0,0.0,-1568.0,3328.0,292.0,-431.0,0.0,ORSTED.CO,CO,8305.0,,5371.0,31073.0,6497.0,1960,0.0,4909,10894.0,,,69516.0,38197.0,14335,19199.0,10842,1681,,3701,7,121,1632.0,-173,-556,14543.0,929.0,2069.0,8,,25702,,,,,,,,,,,,,,,,,,,,,,
2019-06-30,12291,446,,,4204.0,,4695,,564.0,32400,740,3247,,,19099,,12358.0,25263,21638,91800.0,66637.0,196.72884,185949.0,420.04518,37709.0,,83199.0,102750.0,185949.0,36879.0,,,408.52941,3.11165,,,-20,1680.0,1718.0,2176.0,,,,,458.0,-291,,-3100.0,2085,30.0,3017.0,-7259.0,7501.0,4302.0,,1870,-68.0,1246.0,-99.0,3191.0,4425.0,-1226.0,-4159.0,0.0,ORSTED.CO,CO,7303.0,,6968.0,32453.0,830.0,2144,0.0,6303,9917.0,,,69063.0,32666.0,13087,17220.0,12291,1689,,4986,11,-369,2718.0,-173,-211,17277.0,951.0,2268.0,-172,,25485,,,,,,,,,,,,,,,,,,,,,,
2020-03-31,9550,,,,235.0,,405,,51444.0,9965,,-112,,,14181,,,2723,1895,14063.0,45979.0,-23.13924,96370.0,226.023,23409.0,,46214.0,50156.0,96370.0,18641.0,,,213.892,3.26007,,,-3,328.0,331.0,458.0,,,,,127.0,,,-291.0,292,96.0,-824.0,-201.0,1346.0,-678.0,,-20,-385.0,2692.0,-2908,-64.0,2604.0,-580.0,90.0,-588.0,DSV.CO,CO,22452.0,,1979.0,1979.0,4768.0,474,0.0,118,2458.0,,,28494.0,28499.0,1487,24910.0,21492,1038,,5817,,-593,1055.0,-4.0,,27309.0,3213.0,4762.0,511,,,,,,,,,,,,,,,,,,,,,,,,
2019-12-31,9783,,,,235.0,,455,,51988.0,6464,,-111,,,14628,,,2776,2164,14693.0,49195.0,-11.17714,97557.0,228.86,20596.0,,49430.0,48127.0,97557.0,15691.0,,,241.323,3.29591,,,-10,435.0,445.0,752.0,,,,,307.0,,,-376.0,477,341.0,-2697.0,-39.0,1660.0,-1011.0,,386,138.0,-592.0,-2491,-938.0,2861.0,-190.0,337.0,0.0,DSV.CO,CO,21306.0,,2043.0,2043.0,4905.0,494,0.0,135,3410.0,,,28218.0,29316.0,1324,24716.0,24056,1077,,6066,,-423,1175.0,,,30122.0,3205.0,4891.0,609,,,,,,,,,,,,,,,,,,,,,,,,
2019-09-30,10078,,,,242.0,,348,,52211.0,7002,,-190,,,14961,,,3091,1791,14767.0,50600.0,-5.89977,99427.0,232.043,20297.0,,50842.0,48585.0,99427.0,16200.0,,,188.099,6.76639,,,-8,1141.0,1149.0,1500.0,,,,,351.0,,,-379.0,77,92.0,-1588.0,1706.0,1528.0,-1097.0,,-240,-49.0,-51.0,-1297,1597.0,2727.0,-102.0,2085.0,0.0,DSV.CO,CO,23136.0,,2981.0,2981.0,4097.0,496,0.0,41,2407.0,,,30162.0,29136.0,1597,25543.0,19067,942,,5454,,-113,1613.0,,,24521.0,2727.0,3841.0,172,,,,,,,,,,,,,,,,,,,,,,,,
2019-06-30,7600,,,,186.0,,141,,16795.0,5742,,-61,,,8520,,,1629,1178,11829.0,15363.0,-6.9885,49721.0,178.293,16343.0,,15549.0,34172.0,49721.0,13451.0,,,183.01587,6.38153,,,4,1153.0,1149.0,1463.0,,,,,314.0,,,-271.0,186,436.0,-1991.0,-119.0,2325.0,-62.0,,-204,-13.0,-1262.0,-525,202.0,2441.0,-54.0,152.0,0.0,DSV.CO,CO,15355.0,,1384.0,1384.0,2892.0,341,0.0,64,1628.0,,,19578.0,19012.0,1147,16983.0,15436,810,,4643,,-149,1612.0,,,20079.0,2202.0,3031.0,19,,,,,,,,,,,,,,,,,,,,,,,,
2020-03-31,5344,,,,480.0,,55,,5838.0,,1725,,,,56599,,-2608,5749,3929,50863.0,56538.0,21.09913,126256.0,2301.564,4110.0,,54399.0,71857.0,126256.0,2866.0,,,2354.8,5.05223,,,,11897.0,11897.0,15021.0,,,,,3124.0,,,-1723.0,112,4502.0,-13509.0,-2106.0,10012.0,-12093.0,1086,2152.0,-95.0,-420.0,-2690,-5698.0,11897.0,9122.0,-383.0,-12551.0,NOVO-B.CO,CO,30091.0,,,9765.0,1244.0,708.0,0.0,598,5478.0,,,63193.0,63187.0,17261,35569.0,5386,,,28489,,-1281,16302.0,,-107,33875.0,8517.0,12187.0,,9765.0,,-11,,,,,,,,,,3777.0,,,,,,,,,,,
2019-12-31,6358,,,,480.0,,80,,5835.0,,1808,,,,51151,,-1168,5947,4121,50551.0,58291.0,22.00595,125612.0,2352.0,4483.0,,57593.0,68019.0,125612.0,3009.0,,,2361.47743,3.69133,,,,8717.0,8717.0,11079.0,,,,,2362.0,,,-2968.0,56,5084.0,-5201.0,-3209.0,5165.0,-7205.0,1398,,-100.0,-271.0,-4930,-3345.0,8717.0,2255.0,-241.0,0.0,NOVO-B.CO,CO,24912.0,,,15475.0,815.0,841.0,659.0,188,4240.0,,,62456.0,58983.0,17641,29152.0,5432,,,26985,,-794,11873.0,,-43,32417.0,10771.0,15112.0,,15475.0,,-10,,,,,,,,,,4384.0,,,,,,,,,,,
2019-09-30,5894,,,,480.0,,190,,5033.0,,2062,,,,55777,,-1972,5751,4113,50300.0,54452.0,20.44749,124908.0,2343.564,4343.0,,52953.0,71955.0,124908.0,2927.0,,,2373.2,4.29547,,,,10194.0,10194.0,12107.0,,,,,1913.0,,,-2447.0,64,781.0,-10012.0,-2441.0,16688.0,895.0,2095,,75.0,-37.0,-2875,4310.0,10194.0,3504.0,6.0,-7100.0,NOVO-B.CO,CO,22519.0,,,18757.0,1416.0,,0.0,612,4003.0,,,63400.0,63087.0,17509,26522.0,5075,,,25202,,-812,12919.0,,-88,30277.0,8770.0,12283.0,,18757.0,,-7,,,,,,,,,,3601.0,,,,,,,,,,,
2019-06-30,5269,,,,480.0,,542,,5900.0,,2098,,,,50071,,-1473,4710,2987,48204.0,54083.0,20.13386,117909.0,2343.564,4232.0,,53085.0,64824.0,117909.0,2977.0,,,2383.5,4.02559,,,,9595.0,9595.0,12145.0,,,,,2550.0,,,-2779.0,41,590.0,-6746.0,-2833.0,15039.0,-1515.0,1110,,-60.0,-76.0,-4580,5400.0,9595.0,5849.0,-54.0,0.0,NOVO-B.CO,CO,23246.0,,,14457.0,1255.0,,0.0,134,3754.0,,,58720.0,56595.0,17129,27000.0,4849,,,25187,,-1307,13452.0,,-254,30036.0,8432.0,11735.0,,14457.0,,-5,,,,,,,,,,3557.0,,,,,,,,,,,
2020-05-31,101.9,,,,176.8,,104.3,861.0,257.8,676.3,9.6,,,,160.5,,-66.2,75.7,8.0,650.0,730.1,-2.11184,2267.2,131.68627,984.1,,840.7,1426.5,2267.2,768.1,,,132.07547,0.55507,,,,70.0,70.0,90.9,,,,,20.9,,,-25.1,3.1000000000000005,14.100000000000001,31.3,-144.5,128.5,14.200000000000003,,,-2.4,31.299999999999997,0.0,12.899999999999999,93.6,20.699999999999996,-119.4,0.0,CHR.CO,CO,176.0,,81.9,81.9,216.0,5.1,0.0,,26.900000000000006,12.1,,475.7,478.4,178.8,202.9,141.5,2.1,,172.3,,-1.3,92.2,,-0.4,313.8,54.3,80.1,4.3,,,,,,,,,,,,,19.8,,,,,,,,,,,
2020-02-29,87.7,,,,176.8,,93.8,771.5,221.0,709.5,10.2,,,,122.0,,-53.6,75.9,8.0,637.1,659.0,-1.59698,2109.8,131.68627,948.2,,782.2,1327.6,2109.8,795.4,,,130.88889,0.45882,,,,58.9,58.9,76.5,,,,,17.6,,,-26.1,4.1,5.0,-48.5,-36.7,72.1,-30.299999999999997,,,-1.1,70.7,0.0,-14.2,81.8,20.6,-10.6,-124.7,CHR.CO,CO,182.5,,69.0,69.0,152.8,5.1,0.0,,22.80000000000001,12.4,,456.9,362.5,170.2,205.3,133.0,1.8,,161.7,,-5.2,81.7,,-1.5,294.7,59.1,80.0,1.5,,,,,,,,,,,,,19.1,,,,,,,,,,,
2019-11-30,92.5,,,,176.8,,92.4,772.9,223.0,626.9,10.6,,,,232.5,,-48.9,76.2,7.6,627.2,599.3,-2.04046,2096.8,131.68627,876.0,,727.2,1369.6,2096.8,712.7,,,131.31579,0.39466,,,,49.9,49.9,64.8,,,,,14.9,,,-29.0,2.2,39.6,2.0,-29.0,21.9,-66.5,,-5.5,0.9,7.5,0.0,-4.2,69.3,19.1,0.0,,CHR.CO,CO,165.3,,83.2,83.2,163.3,,0.0,,23.799999999999983,11.9,,455.5,488.3,171.3,189.1,121.7,1.9,,150.7,,-2.8,67.6,,-0.3,272.4,58.9,83.10000000000001,2.5,,,,,,,,,,,,,20.1,,,,,,,,,,,
2019-08-31,132.1,,,,176.8,,91.2,772.9,225.5,668.9,,,,,130.5,,-51.5,85.0,7.6,577.8,671.9,-1.52787,2057.8,131.68627,821.8,,797.2,1260.6,2057.8,723.5,,,131.46762,0.57155,,,,74.6,74.6,96.7,,,,,22.1,,,-42.89999999999999,3.0,6.599999999999994,-152.4,24.900000000000006,146.8,27.900000000000006,,,-0.19999999999999996,-39.1,-3.1999999999999997,19.1,100.99999999999997,17.9,67.8,-110.10000000000001,CHR.CO,CO,192.7,,87.4,87.4,98.3,,0.0,,22.900000000000006,11.0,,474.0,360.9,160.0,215.6,129.7,2.2,,176.2,,-4.3,101.0,,-0.4,305.9,54.7,75.20000000000002,0.7,,,,,,,,,,,,,18.0,,,,,,,,,,,
2019-05-31,87.5,,,,176.5,,89.5,771.9,225.3,670.5,,,,,126.8,,-49.0,25.8,8.3,514.1,709.5,-1.21681,1974.9,131.65578,808.3,,837.0,1137.9,1974.9,670.5,,,133.0,0.50231,,,,66.5,66.5,86.4,,,,,19.9,,,-36.7,2.3999999999999995,14.200000000000003,-33.5,-37.2,85.20000000000002,-21.400000000000006,,,-0.3999999999999999,-33.5,0.0,14.1,91.30000000000001,15.299999999999997,-0.5,0.0,CHR.CO,CO,182.8,,68.3,68.3,137.8,,0.0,,21.0,11.8,,455.3,352.1,171.4,203.8,131.2,1.7,,170.8,,-4.9,91.3,,-0.4,302.0,59.4,79.5,0.4,,,,,,,,,,,,,18.4,,,,,,,,,,,
2020-03-31,3064,,,,27.0,,205,389,809.0,674,478,45,,,6461,,153,838,316,1648.0,3224.0,11.26657,14885.0,195.80044,868.0,,3404.0,11481.0,14885.0,674.0,,,197.36842,-0.18899,,,5,-75.0,-80.0,-107.0,,,,,-27.0,,,-160.0,,107.0,42.0,-159.0,-760.0,-794.0,,,-46.0,42.0,,-923.0,-80.0,114.0,1.0,,VWS.CO,CO,2012.0,,1940.0,2114.0,194.0,310,0.0,1195,714.0,,,10935.0,9719.0,4900,2726.0,2076,,,159,,5,-112.0,,,2235.0,141.0,271.0,58.0,,174,,,,,,,,,,,72.0,,,,,,,,,,,
2019-12-31,3119,,,,27.0,,147,386,822.0,521,445,52,,,6069,,-8,831,324,1671.0,3274.0,10.67356,14331.0,195.34251,820.0,,3293.0,11038.0,14331.0,661.0,,,194.09099,1.45808,,,1,283.0,282.0,366.0,,,,,84.0,,,-248.0,47.0,111.0,-228.0,-230.0,1072.0,467.0,,0.0,-5.0,-27.0,-201.0,609.0,282.0,323.0,18.0,0.0,VWS.CO,CO,1988.0,,2864.0,3037.0,159.0,241,0.0,624,695.0,,,10442.0,9347.0,4098,2683.0,4040,,,610,,-38,404.0,,,4650.0,129.0,206.0,0.0,,173,,,,,,,,,,,77.0,,,,,,,,,,,
2019-09-30,2912,,,,27.0,,90,390,770.0,523,485,54,,,6298,,32,812,333,1611.0,3200.0,10.61477,14242.0,197.74341,817.0,,3259.0,10983.0,14242.0,655.0,,,200.0,1.53,,,3,306.0,303.0,390.0,,,,,87.0,,,-173.0,,37.0,17.0,-86.0,351.0,-131.0,,0.0,2.0,17.0,0.0,284.0,303.0,179.0,87.0,0.0,VWS.CO,CO,1734.0,,2247.0,2422.0,162.0,263,0.0,877,637.0,,,10390.0,9372.0,4720,2371.0,3031,,,615,,-39,429.0,,,3646.0,124.0,186.0,0.0,,175,,,,,,,,,,,62.0,,,,,,,,,,,
2019-06-30,2884,,,,27.0,,134,380,762.0,498,410,13,,,5815,,18,796,299,1571.0,2899.0,9.11734,13352.0,197.64537,766.0,,2944.0,10408.0,13352.0,642.0,,,200.0,0.45,,,0,90.0,90.0,119.0,,,,,29.0,,,-181.0,,43.0,-175.0,20.0,100.0,-119.0,,0.0,-4.0,22.0,0.0,-59.0,90.0,129.0,201.0,-197.0,VWS.CO,CO,1370.0,,1963.0,2313.0,124.0,246,0.0,797,616.0,,,9684.0,8823.0,4588,1986.0,1820,,,301,,-9,128.0,,,2121.0,110.0,173.0,,,350,,,,,,,,,,,63.0,,,,,,,,,,,
2020-03-31,,,,,29.0,,,,202.0,,21,4,,,493,,-171,177,55,1597.0,2223.0,86.39156,2755.0,21.74981,0.0,,2081.0,674.0,2755.0,0.0,,,21.78571,2.8,,,0.0,61.0,61.0,80.0,,,,,19.0,,,,,,68.0,-110.0,13.0,-113.0,45,68,-13.0,,,-42.0,80.0,1.0,-110.0,,ROCK-B.CO,CO,408.0,,,229.0,,,0.0,,0.0,,,880.0,493.0,243,408.0,261,45,,388,,0,80.0,,-2,649.0,265.0,308.0,,229.0,,,,,,,,,,,,,,,,,,,,,,,
2019-12-31,,,,,29.0,,,,192.0,,21,4,,,416,,-105,160,54,1558.0,2190.0,87.75442,2694.0,21.90203,0.0,,2114.0,580.0,2694.0,0.0,,,21.93571,3.28232,,,0.0,72.0,72.0,97.0,,,,,25.0,,,,,,-27.0,-108.0,109.0,-35.0,48,-27,7.0,,,-19.0,94.0,2.0,-108.0,,ROCK-B.CO,CO,275.0,,,275.0,,,0.0,,68.0,15.0,,869.0,416.0,236,343.0,296,48,,419,,3,94.0,,-1,715.0,278.0,325.0,,275.0,,,,,,,,,,,,,,,,,,,,,,,
2019-09-30,,,,,29.0,,,,189.0,,10,4,,,421,,-102,157,44,1458.0,2126.0,85.10627,2635.0,21.90203,0.0,,2053.0,582.0,2635.0,0.0,,,22.0,3.5,,,,77.0,77.0,98.0,,,,,21.0,,,,,,3.0,-120.0,193.0,48.0,42,3,-4.0,,,72.0,100.0,3.0,-120.0,,ROCK-B.CO,CO,393.0,,,293.0,,,0.0,,0.0,,,934.0,421.0,248,393.0,295,42,,411,,-2,100.0,,-1,706.0,270.0,311.0,,293.0,,,,,,,,,,,,,,,,,,,,,,,
2019-06-30,,,,,29.0,,,,189.0,,10,4,,,416,,-122,151,40,1372.0,2048.0,80.63308,2526.0,21.90168,0.0,,1955.0,571.0,2526.0,0.0,,,21.94444,3.6,,,0.0,79.0,79.0,100.0,,,,,21.0,,,,,,-90.0,-94.0,106.0,-39.0,43,-90,0.0,,,-78.0,101.0,1.0,-94.0,,ROCK-B.CO,CO,448.0,,,218.0,,,0.0,,0.0,,,915.0,416.0,249,448.0,290,42,,405,,-2,102.0,,-10,695.0,271.0,303.0,,218.0,,,,,,,,,,,,,,,,,,,,,,,
2019-12-31,652,,,,49.0,,314,7826,750.0,2512,1161,9,,,2261,,13,937,551,3998.0,7574.0,-3.90753,21798.0,240.56117,9989.0,,7636.0,14162.0,21798.0,4058.0,,,242.7,2.8801,,,-1,699.0,700.0,917.0,,,,,217.0,,,-316,141,265,-182.0,-751.0,1102.0,-497.0,,-2,9.0,502,-682,178.0,1038.0,561.0,-435.0,,DEMANT.CO,CO,3387.0,,,792.0,2593.0,598,3338.0,13,627.0,243,,6914.0,8844.0,1852,4014.0,1972,,,5624,-78,-122,1038.0,1,-100.0,7596.0,4196.0,4586.0,,792.0,,,,,,,,,,,,568.0,,,,,,,,,,,
2019-06-30,546,,,,49.0,,232,7519,695.0,1252,1090,12,,,2292,,-66,896,566,3854.0,7601.0,-2.58285,20759.0,243.91669,9197.0,,7584.0,13175.0,20759.0,2788.0,,,244.4,2.96407,,,-4,763.0,767.0,994.0,,,,,227.0,,,-255,139,107,-10.0,-663.0,1047.0,-655.0,,-3,-8.0,257,-264,366.0,1113.0,589.0,-408.0,,DEMANT.CO,CO,3210.0,,,614.0,6409.0,609,0.0,14,539.0,272,,6426.0,9247.0,1777,3749.0,1649,,,5701,-40,-119,1113.0,0,,7350.0,4076.0,4588.0,,614.0,,,,,,,,,,,,552.0,,,,,,,,,,,
2020-03-31,15.612,,,,5.441,,27.782,61.012,37.273,,3.304,,,,101.284,,-3.241,15.657,5.267,52.901,201.098,2.64487,452.537,39.70437,88.904,,203.298,249.239,452.537,39.027,,,40.1,0.33431,,,,13.406,13.406,18.019,,,,,4.613,,,-0.864,0.076,4.594,-16.99,-1.262,35.914,6.727,4.116,,-0.261,17.505,-3.888,17.401,13.406,11.665,-0.398,-30.607,SIM.CO,CO,230.053,,49.252,49.252,9.746,,40.131,,4.6299999999999955,8.845,,292.78,166.773,,234.683,43.606,,,59.318,,0.491,17.528,,-0.139,102.924,19.743,41.79,,,,,,,,,,,,,,22.186,,,,,,,,,,,
2019-12-31,18.503,,0.0,,5.441,,25.931,61.178,38.379,,2.903,,,,79.014,,-1.983,12.796,5.357,55.65,226.562,3.29456,437.912,39.59952,71.648,,230.02,207.892,437.912,41.585,,,39.93332,0.60942,,,,24.336,24.336,32.071,,,,,7.735,,,-0.482,0.05600000000000005,13.033,-2.594999999999999,-0.5289999999999964,8.015999999999991,-32.843999999999994,,,0.055999999999999994,-2.6180000000000003,0.006000000000000227,4.948000000000002,24.336,16.524,-0.046999999999997044,0.017000000000003013,SIM.CO,CO,233.578,,31.851,31.851,10.063,,20.0,,2.341000000000008,6.675,,274.445,127.58,,235.919,47.422,,,80.417,,-1.884,33.955,,-0.111,127.839,23.581,46.462,,,,,,,,,,,,,,22.992,,,,,,,,,,,
2019-09-30,,,9.963,,5.441,,26.258,60.718,39.212,,2.783,,,,39.319,,-2.232,9.722,4.645,52.231,190.575,2.6217,405.065,39.59919,67.725,,203.747,201.318,405.065,38.422,,,40.0,0.7315,,,,29.26,29.26,37.601,,,,,8.341,,,0.125,0.12399999999999997,2.0310000000000006,14.150999999999996,-58.298,23.678000000000004,-25.141000000000002,,,-0.179,17.405,-3.2669999999999995,-20.648,29.259999999999998,19.559,-58.423,0.012999999999998124,SIM.CO,CO,209.744,,26.903,26.903,9.303,,20.0,,1.3300000000000125,7.499,,245.476,126.916,,211.074,40.756,,,76.668,,2.422,35.179,,-0.219,117.424,20.248,41.489000000000004,,,,,,,,,,,,,,21.46,,58.294,,,,,,,,,
2019-06-30,,,9.963,,5.441,,16.151,27.962,11.581,,2.788,,,,38.223,,-3.464,7.319,2.09,53.103,162.56,3.40475,341.024,39.63787,47.511,,174.5,166.524,341.024,38.233,,,40.1,0.59182,,,,23.732,23.732,31.737,,,,,8.005,,,-1.154,0.015000000000000013,2.754999999999999,-44.855,-1.221,22.935,-9.338,,,-0.11600000000000005,-2.6759999999999997,-6.268000000000001,-23.257,23.732,11.769,-0.067,-35.911,SIM.CO,CO,185.97,,47.551,47.551,9.278,,0.0,,1.2450000000000045,8.734,,243.5,104.821,,187.215,39.945,,,69.586,,-0.53,32.267,,-0.136,109.531,18.035,37.318999999999996,,,,,,,,,,,,,,19.42,,57.32,,,,,,,,,
2020-03-31,8846,646,,,4204.0,,2508,,657.0,35262,787,3055,,,18456,,12326,29885,23959,107724.0,69430.0,203.10941,193636.0,419.98546,44280.0,,85960.0,107676.0,193636.0,39795.0,,,420.23438,10.62596,,,0,5379.0,5407.0,6908.0,,,,,1501.0,0,,-5238,2161,1267,176.0,-1965.0,-495.0,-4763.0,,1631,48.0,2955,,-2236.0,9449.0,-5181.0,3273.0,-4410,ORSTED.CO,CO,8523.0,,4899.0,17840.0,4485.0,2891,0.0,12041,4254.0,,,57618.0,32433.0,14960,12777.0,9278,1754,,8954,-4,-585,7681.0,-188,-297,18232.0,1023.0,1273.0,-1203,,12941,,,,,,,,,,,,,,,,,,,,,,
2019-12-31,10832,632,,,4204.0,,3371,,672.0,36039,714,3248,,,16602,,13645,29689,23799,106013.0,68465.0,203.91658,192860.0,419.98546,42172.0,,86314.0,106546.0,192860.0,40767.0,,,418.77018,3.90663,,,-9,1391.0,1429.0,2162.0,,,,,733.0,-443,,-8825,1610,-57,-3810.0,654.0,4789.0,-784.0,,-358,83.0,-3452,0.0,1716.0,5260.0,313.0,9479.0,0,ORSTED.CO,CO,8879.0,,7148.0,23700.0,1405.0,1713,0.0,7740,5599.0,,,59949.0,29471.0,14031,14478.0,13384,2444,,6431,0,-4061,2803.0,3420,-395,19815.0,1150.0,3628.0,429,,16552,,,,,,,,,,,,,,,,,,,,,,
2019-09-30,14037,625,,,4204.0,,5175,,590.0,32643,688,3153,,,17038,,12508,26311,21609,100158.0,67504.0,199.08811,194521.0,420.04518,43966.0,,84216.0,110305.0,194521.0,37469.0,,,438.0,1.93188,,,-4,852.0,822.0,1580.0,,,,,758.0,24,,-6738,618,0,4398.0,-7169.0,1062.0,-2558.0,,-1081,141.0,5479,0.0,-1568.0,3328.0,292.0,-431.0,0,ORSTED.CO,CO,8305.0,,5371.0,31073.0,6497.0,1960,0.0,4909,10894.0,,,69516.0,38197.0,14335,19199.0,10842,1681,,3701,7,121,1632.0,-173,-556,14543.0,929.0,2069.0,8,,25702,,,,,,,,,,,,,,,,,,,,,,
2019-06-30,12291,446,,,4204.0,,4695,,564.0,32400,740,3247,,,19099,,12358,25263,21638,91800.0,66637.0,196.72884,185949.0,420.04518,37709.0,,83199.0,102750.0,185949.0,36879.0,,,408.52941,3.11165,,,-20,1680.0,1718.0,2176.0,,,,,458.0,-291,,-3100,2085,30,3017.0,-7259.0,7501.0,4302.0,,1870,-68.0,1246,-99.0,3191.0,4425.0,-1226.0,-4159.0,0,ORSTED.CO,CO,7303.0,,6968.0,32453.0,830.0,2144,0.0,6303,9917.0,,,69063.0,32666.0,13087,17220.0,12291,1689,,4986,11,-369,2718.0,-173,-211,17277.0,951.0,2268.0,-172,,25485,,,,,,,,,,,,,,,,,,,,,,
2020-06-30,,83,,,90.0,,389,,1397.0,2608,56570,,,39013.0,1055,,1145,836,27,952.0,4676.0,51.75853,99635.0,87.232,2608.0,,5912.0,93723.0,99635.0,2608.0,,1,87.411,4.27364,,,,389.0,389.0,504.0,,,,,115.0,,,10,-40,0,-374.0,793.0,1792.0,-25.0,,,-18.0,359,7,2193.0,,,783.0,-741,TOP.CO,CO,,,,,,,0.0,,,,,,,,368.0,,,,,23,,499.0,5,287,,331.0,10421.0,,646.0,,,662.0,88752.0,310.0,9470.0,405.0,5320,4987.2,-2985.0,4842.0,,,,,,,,,,,,
2020-03-31,,129,,,90.0,,378,,1336.0,2249,56019,,,33708.0,1051,,1146,1014,71,949.0,5005.0,56.25839,93704.0,87.187,2249.0,,6241.0,87463.0,93704.0,2249.0,,0,87.127,1.00772,,,,-193.0,-193.0,-242.0,,,,,-49.0,,,-73,-49,-89,366.0,-3422.0,2862.0,-932.0,,-1.0,11.0,346,21,-183.0,,,-3349.0,0,TOP.CO,CO,,,,,,62.0,0.0,,,,,,,,407.0,,,,,32,,-244.0,2,-108,,43.0,-2692.0,,359.0,,,793.0,82642.0,308.0,-2967.0,538.0,-8819,5131.2,-3444.0,7376.0,,,,,,,,,,,,
2019-12-31,,94,,,90.0,,377,,1291.0,1902,57178,,,37523.0,1895,,1146,711,25,948.0,5161.0,58.64449,98442.0,87.067,1902.0,,6397.0,92045.0,98442.0,1902.0,,0,87.367,4.94466,,,,431.0,431.0,551.0,,,,,120.0,1.0,,-90,-45,-323,-534.0,-584.0,2059.0,351.0,,,,-540,6,931.0,,,-494.0,0,TOP.CO,CO,,,,,,0.0,0.0,,,,,,,,225.0,,,,,22,,549.0,2,-315,,631.0,6198.0,,550.0,,,702.0,87066.0,300.0,5560.0,496.0,1043,4999.679999999999,-2732.0,4808.0,,,,,,,,,,,,
2019-09-30,,112,,,90.0,,384,,1238.0,2442,56319,,,36208.0,1577,,1147,895,24,947.0,4708.0,54.18129,96258.0,86.875,2442.0,,5945.0,90313.0,96258.0,2442.0,,0,87.261,3.26606,,,,285.0,285.0,371.0,,,,,86.0,,,-52,-32,0,461.0,-2780.0,1954.0,266.0,,,13.0,458,2,-352.0,,,-2728.0,0,TOP.CO,CO,,,,,,0.0,0.0,,,,,,,,493.0,,,,,19,,378.0,-7,194,,397.0,6657.0,,287.0,,,742.0,84903.0,232.0,5815.0,814.0,852,5154.24,-2875.0,4595.0,,,,,,,,,,,,
2019-06-30,,172,,,90.0,,385,,1209.0,1984,54677,,,34621.0,1521,,1146,817,26,967.0,4412.0,51.27792,93041.0,86.86,1984.0,,5663.0,87378.0,93041.0,1984.0,,15,87.268,5.02879,,,,392.0,392.0,502.0,,,,,110.0,-1.0,,-75,-24,0,-1870.0,-735.0,1822.0,-226.0,,-2.0,-8.0,-601,33,-791.0,,,-660.0,-1300,TOP.CO,CO,,,,,,0.0,0.0,,,,,,,,475.0,,,,,18,,486.0,16,287,,465.0,5925.0,,282.0,,,784.0,82499.0,296.0,4859.0,617.0,1393,4224.96,-2073.0,4145.0,,,,,,,,,,,,
2019-12-31,180,,,,63.0,,47,,31.0,1273,5,,,,177,,,24,3,4762.0,3617.0,87.85973,5517.0,41.53211,1409.0,,3680.0,1837.0,5517.0,1273.0,,,42.17159,-1.68241,,,,-95.0,-95.0,-79.0,,,,,16.0,,,-152,40,9,-105.0,-154.0,215.0,40.0,231,-37,0.0,-68,,-44.0,-51.0,-5.0,-2.0,0,DRLCO.CO,CO,264.0,,,310.0,136.0,,0.0,38.0,63.0,41,,716.0,493.0,,327.0,368,197,,231,1,-28,-51.0,,,599.0,37.0,282.0,37,310.0,,,,,,,,,,,,10.0,,,,,,,,,,,
2019-06-30,175,,,,63.0,,49,,43.0,1339,4,,,,154,,,25,2,4863.0,3712.0,89.85818,5653.0,41.53211,1475.0,,3775.0,1878.0,5653.0,1339.0,,,41.53211,-0.35515,,,,-18.0,-18.0,-5.0,,,,,13.0,,,-155,43,15,-75.0,-149.0,205.0,-7.0,190,-40,1.0,-35,,-18.0,35.0,-13.0,6.0,0,DRLCO.CO,CO,286.0,,,354.0,136.0,,0.0,,58.0,43,,741.0,465.0,,344.0,342,190,,281,1,-40,35.0,,,623.0,50.0,246.0,5,354.0,,,,,,,,,,,,0.0,,,,,,,,,,,
2020-06-30,1086,,,,1629.0,,,,2449.0,3108,54,369,,,1202,,,1093,306,4909.0,1638.0,0.24572,10632.0,3109.18386,3669.0,,3213.0,7419.0,10632.0,3108.0,,,3109.18386,0.05017,,,-9,154.0,165.0,243.0,,,,,78.0,,,-127,3,5,-243.0,-109.0,259.0,82.0,100,-5,,12,,-93.0,43.0,1.0,18.0,-250,A2A.MI,MI,1616.0,,214.0,227.0,561.0,,,872,53.0,,,2914.0,2849.0,146,1669.0,2151,278,,,,-38,281.0,,116,3084.0,355.0,749.0,,,13,-54,,,,,,97,,,,,,,33,,,,,,,,
2020-03-31,1320,,,,1629.0,,,,2429.0,3052,95,378,,,1408,,-53.0,1122,314,4917.0,1846.0,0.30201,11232.0,3109.18386,3636.0,,3368.0,7864.0,11232.0,3052.0,,,3109.18386,0.03602,,,-8,112.0,120.0,178.0,,,,,58.0,,,-123,46,0,-4.0,-228.0,105.0,-162.0,98,-6,,2,,-127.0,120.0,16.0,-105.0,0,A2A.MI,MI,2056.0,,307.0,320.0,584.0,,0.0,946,51.0,,,3477.0,3312.0,104,2107.0,1138,135,,,,-18,196.0,,58,1657.0,180.0,373.0,,,13,-54,,,,,,50,,,,,,,33,,,,,,,,
2019-12-31,1478,43.0,,,1629.0,,,374.0,2005.0,3190,65,362,,,810,,-30.0,1132,302,4869.0,1744.0,0.29268,10725.0,3109.18386,3611.0,,3289.0,7436.0,10725.0,3307.0,,,3109.18386,0.07162,,,5,223.0,217.0,319.0,,,,,102.0,,,-233,44,111,-536.0,-275.0,230.0,-21.0,99,2,,-538,,-581.0,147.0,-28.0,-42.0,0,A2A.MI,MI,1852.0,,434.0,444.0,304.0,,0.0,445,146.0,39.0,,3110.0,2635.0,184,1998.0,2495,257,,,1.0,-49,368.0,,112,3512.0,379.0,750.0,1.0,,10,-54,,,,,,101,,,,,,,33,,,,,,,,
2019-09-30,1264,,,,1629.0,,,,2368.0,3361,55,358,,,693,,,1102,316,4679.0,1577.0,0.25216,10734.0,3109.18386,4165.0,,3152.0,7582.0,10734.0,3361.0,,,3109.18386,0.0267,,,13,84.0,70.0,101.0,,,,,31.0,,,-142,6,124,436.0,-150.0,176.0,-61.0,94,-10,,460,,462.0,71.0,41.0,-8.0,-14,A2A.MI,MI,1664.0,,1015.0,1024.0,804.0,,0.0,352,60.0,,,3316.0,2761.0,216,1724.0,1144,179,,,,-24,125.0,,56,1616.0,165.0,400.0,0.0,,9,-54,,,,,,53,,,,,,,31,,,,,,,,
2019-06-30,1263,43.0,,,1629.0,,,446.0,1888.0,2802,52,393,,,874,,-12.0,1124,355,4718.0,1494.0,0.23254,10442.0,3109.18386,3688.0,,3057.0,7385.0,10442.0,2936.0,,,3109.18386,0.05339,,,-9,166.0,175.0,262.0,,,,,87.0,,,-143,4,0,-318.0,-146.0,413.0,227.0,93,-23,,-77,,-51.0,61.0,2.0,-3.0,-218,A2A.MI,MI,1678.0,,553.0,562.0,752.0,,0.0,401,139.0,21.0,,2983.0,2932.0,182,1817.0,2664,245,,,-4.0,-65,327.0,,100,3610.0,379.0,720.0,0.0,,9,-54,,,,,,101,,,,,,,30,,,,,,,,
2020-03-31,189.582,0.636,202.712,,4.528,,100.222,1221.875,366.472,830.817,2.337,0.95,,,285.082,,-98.135,233.415,155.359,609.83,584.516,-4.07718,2948.553,226.38862,1473.347,,665.319,2283.234,2948.553,1159.781,,,223.16229,0.02474,,,0.072,5.143,5.071,7.499,,,,,2.428,,,-17.803,,3.487,107.497,-55.832,81.374,14.099,35.161,-4.909,-2.052,112.406,,130.987,5.071,9.411,-38.029,,AMP.MI,MI,157.889,-475.918,272.132,272.309,313.566,7.065,0.0,2.732,81.81199999999998,,1085.748,585.615,788.866,70.873,239.701,299.902,49.98,,63.574,,-6.642,14.496,-0.355,-1.281,363.476,,49.07800000000003,0.379,,0.177,-28.302,,,,,,,,,,,,,15.204,2.428,,,,,,,
2019-12-31,177.39,8.361,202.712,,4.528,,102.111,1215.511,367.508,750.719,2.314,1.084,,,290.981,,-64.202,237.089,157.096,615.008,581.124,-3.92241,2851.338,226.38862,1339.291,,695.031,2156.307,2851.338,1093.759,,,222.9588,0.16686,,,0.172,47.003,46.831,63.882,,,,,17.051,,,-30.479,,17.15,-68.55199999999999,-49.81699999999999,132.002,6.3940000000000055,36.900000000000006,6.199999999999999,-1.107,-74.671,-0.08100000000000002,12.525999999999996,46.831,6.491999999999997,-19.338,0.0,AMP.MI,MI,209.605,-358.56,138.371,138.611,245.532,7.339,0.0,2.201,71.55300000000003,,973.568,486.562,722.264,64.592,281.158,377.438,53.27,,129.884,,-15.654,71.09,8.446,-0.289,507.322,,58.79400000000004,5.813,,0.24,-29.131,,,,,,,,,,,,,18.333999999999996,17.051000000000002,,,,,,,
2019-09-30,167.558,0.486,202.712,,4.528,,100.211,1205.795,362.069,803.576,2.224,1.251,,,283.533,,-62.629,237.412,158.196,625.229,521.709,-4.11848,2830.233,226.38862,1404.296,,635.486,2194.747,2830.233,1158.714,,,226.67247,0.16179,,,-0.035,7.171,7.206,9.57,,,,,2.364,,,-17.581000000000003,,12.797999999999998,-16.816000000000003,-36.67400000000001,48.22200000000001,-29.863000000000007,32.544,-4.886,1.3659999999999999,-11.915,-0.015,-3.901999999999994,7.205999999999996,21.507,-19.092999999999996,0.0,AMP.MI,MI,185.276,-354.687,125.245,125.505,245.582,6.874,0.0,2.633,84.476,,979.916,469.846,697.159,71.956,269.752,316.922,46.657,,75.784,,-3.817,16.47,-3.083,-0.261,392.706,,59.313999999999965,12.918,,0.26,-30.834,,,,,,,,,,,,,14.464000000000002,2.3640000000000008,,,,,,,
2019-06-30,174.099,0.525,202.712,,4.528,,98.966,1183.529,360.38,810.138,2.273,1.129,,,279.98,,-64.186,229.028,147.543,629.547,517.211,-4.06156,2800.673,226.38862,1392.529,,624.417,2176.256,2800.673,1169.025,,,230.05923,0.20947,,,-0.006,36.744,36.75,50.395,,,,,13.645,,,-24.069999999999997,,10.64,-10.255,-36.881,84.27799999999999,-24.113,32.095,0.279,-0.56,20.442999999999998,-0.038,36.581999999999994,36.75,11.382,-12.811,-30.939,AMP.MI,MI,188.333,-344.987,128.799,128.872,223.504,6.518,0.0,,86.333,,974.534,470.883,678.108,67.345,274.666,332.96,46.054,,107.102,,-3.185,56.629,-3.049,-0.521,440.062,,50.47300000000001,4.94,,0.073,-35.848,,,,,,,,,,,,,14.519000000000002,13.645,,,,,,,
2020-06-30,1465,1145,,,1576.0,,2972,7538,2139.0,14115,440689,1475,,14740.0,7158,,-343,24242,2666,4114.0,19952.0,10.48962,516684.0,1569.74292,14115.0,,26143.0,490541.0,516684.0,14115.0,,5038,1599.59358,1.04401,,,-135,774.0,1092.0,1775.0,,,,,683.0,,,-93,,174,-1584.0,-9043.0,11444.0,3544.0,,-751,-24,23,-73.0,793.0,1775.0,6125.0,-8950.0,-783,G.MI,MI,,,767.0,,,27203,0.0,,,,,,,,,,278,,,,-840,2615.0,,1172,,6095,32152.0,1076,6880,,-80,7847.0,437969.0,,23531.0,5203.0,,33084.479999999996,,,,,,,,2101.0,-4899.0,,,,,
2019-12-31,1480,1534,,,1570.0,,3174,7180,2221.0,14180,440164,1491,,14217.0,5239,,-29,24524,2478,4183.0,20608.0,12.07992,514574.0,1569.46427,14180.0,,28360.0,486214.0,514574.0,14180.0,,6218,1591.9727,0.85,,,-138,881.0,1019.0,1477.0,,,,,458.0,0.0,,-564,,1190,-1034.0,-7005.0,8821.0,11215.0,,-455,16,-579,,798.0,1477.0,-3871.0,-6441.0,0,G.MI,MI,,,709.0,,0.0,27759,0.0,,,,,,,,,,331,,,,-847,2324.0,,1398,,6212,43277.0,678,6165,,-7,7377.0,434592.0,,34658.0,5387.0,,34013.76,,,,,,,,2121.0,4783.0,,,,,
2019-06-30,1498,1152,,,1570.0,,3007,7170,2245.0,14606,423659,1197,,15885.0,6162,,-105,24957,2460,4123.0,19908.0,11.24329,501427.0,1569.29176,14606.0,,27059.0,474368.0,501427.0,14606.0,,5693,1591.86497,1.00798,,,-131,1790.0,1446.0,2110.0,,,,,664.0,-1.0,,-11,,44,-2660.0,-9470.0,11518.0,15492.0,,-1047,11,-200,,-601.0,2110.0,-6084.0,-9459.0,-1413,G.MI,MI,,,720.0,,,29235,0.0,,,,,,,,,,242,,,,-747,2857.0,,1200,,5989,44489.0,424,5347,,-7,8438.0,421789.0,,36634.0,5496.0,,33900.479999999996,,,,,,,,2145.0,6537.0,,,,,
2020-03-31,2014.0,,,,,,6087.0,,57470.0,47173.0,7469.0,6825.0,,,5020.0,,6356.0,5318.0,2309.0,789.0,,-62.48569,82085.0,818.0113,50465.0,,6356.0,75729.0,82085.0,47173.0,,,818.0113,-0.01302,,,19.0,-10.0,-29.0,-25.0,,,,,4.0,,,-361.0,,,3313.0,-435.0,1299.0,509.0,903.0,-4.0,-79.0,3328.0,,4098.0,-29.0,17.0,-74.0,-11.0,ATL.MI,MI,,,1284.0,10597.0,2877.0,,415.0,3046.0,,,,14048.0,10326.0,,405.0,92.0,903.0,,2333.0,,11.0,359.0,-395.0,-7.0,2425.0,1079.0,1974.0,-1.0,8049.0,1264.0,,,,,,,,,,,,,,,-101.0,,,,,,,
2019-12-31,2243.0,545.0,,,826.0,,6280.0,12426.0,47046.0,41832.0,8202.0,7495.0,,,4753.0,,-1036.0,7519.0,2435.0,819.0,7784.0,-63.64704,81618.0,818.0113,45375.0,,7408.0,74210.0,81618.0,41832.0,,,817.99475,-0.74469,,,148.993,-640.82,-792.74,-1140.268,,,,,-347.528,,,-574.0,1425.0,1194.0,-709.0,543.0,910.0,-85.0,2066.0,-475.0,-6.0,-671.0,,738.0,-1570.0,1424.0,1117.0,437.0,ATL.MI,MI,2302.0,,1060.0,6540.0,3122.0,,421.0,569.0,1151.0,,,10690.0,11084.0,128.0,3453.0,216.743,2681.773,,6343.379,,-427.96,-583.701,-128.607,1499.323,6560.122,2692.763,6927.08,53.221,4172.0,1308.0,-166.0,,,,,,,,,,,,,,-925.0,,,,,,,
2019-09-30,2068.0,,,,,,3089.0,,56842.0,43923.0,7986.0,7479.0,,,4183.0,,8376.0,5552.0,1786.0,817.0,,-59.25196,79019.0,817.9645,48272.0,,8376.0,70643.0,79019.0,43923.0,,,817.9645,0.66067,,,-245.007,535.18,785.26,1136.732,,,,,351.472,,,-405.03200000000004,,,-249.4319999999998,-419.7059999999999,1469.906,55.435,615.7729999999999,-3.305000000000007,-33.863,-40.688999999999965,,766.905,780.1869999999999,13.808999999999997,-14.673999999999978,-205.438,ATL.MI,MI,,,650.0,5906.0,3941.0,,408.0,4719.0,,,,11588.0,10600.0,,963.0,85.743,615.773,,3340.379,,100.766,1516.299,-480.333,-23.677,3426.122,1231.763,1824.0800000000002,0.221,3800.0,1456.0,,,,,,,,,,,,,,,4.702000000000002,,,,,,,
2019-06-30,2232.868,426.137,,,825.784,,3215.799,21380.983,35984.666,40603.317,7837.818,7604.001,,,4403.98,,-986.64,7732.864,2094.648,812.078,8429.117,-60.22784,78972.302,817.9645,45255.238,,8101.415,70870.887,78972.302,40603.317,,,817.97721,0.99921,,,-369.993,776.82,1156.74,1611.268,,,,,454.528,,,-479.96799999999996,843.367,213.166,-5021.568,-513.2940000000001,1273.094,-260.435,250.2270000000001,-451.695,-12.137,-3725.311,,-4273.905,917.8130000000001,281.19100000000003,-33.32600000000002,-844.562,ATL.MI,MI,2599.734,,694.275,5112.55,4216.983,,434.938,2098.586,938.6150000000002,,,10862.109,11714.906,112.624,3538.349,319.257,1225.227,,5735.621,,-645.04,2244.873,11.435,-265.086,6054.878,2488.0,3490.748,42.607,2979.096,1439.179,-166.846,,,,,,,,,,,,,,84.298,,,,,,,
2020-06-30,,,173.987,,32.324,,60.113,537.263,97.998,963.229,6735.157,17.986,,381.716,8.308,,36.0,6123.608,22.641,47.547,493.645,0.1522,7829.955,140.93505,963.229,,656.711,7173.244,7829.955,963.229,,-10.955,140.93505,1.01483,,,-5.605,143.026,148.631,167.29,,,,,18.659,-0.001,,-5.7170000000000005,,,-187.805,-8.773,1.2780000000000058,-97.44800000000001,6.398000000000001,4.471,,,0.0,-195.3,94.512,-2.1839999999999993,-3.056,-192.276,AZM.MI,MI,,,0.019,0.019,,7.614,,,,,,,,,,153.065,12.974,,310.831,,0.045,167.244,0.001,6.266,463.896,124.347,143.587,,,,-68.29,,,,,,,,,,,,,,,,,,,,,
2020-03-31,,,173.987,,32.324,,65.068,535.223,97.592,953.199,6504.4,10.311,,355.957,10.629,,36.0,5780.831,27.84,47.663,594.952,0.90321,7577.717,138.2443,953.199,,757.679,6820.038,7577.717,953.199,,-11.294,140.93505,0.34422,,,-3.47,48.513,51.983,56.741,,,,,4.758,,,-3.955,,,-52.054,-3.955,88.402,18.271,6.576,-7.477,,,-44.577,32.393,48.513,15.042,0.0,0.0,AZM.MI,MI,,,0.016,0.016,,9.026,0.0,,,,,,,,,80.243,6.576,,131.286,,,56.741,,3.166,211.529,64.803,74.54500000000002,,,,-68.29,,,,,,,,,,,,,,,,,,,,,
2019-12-31,184.96,89.765,173.987,,32.324,,63.982,535.223,99.119,846.701,7160.857,23.842,,-0.001,89.544,,36.0,6201.403,24.367,48.757,531.722,0.80425,8253.66,140.93505,852.475,,747.689,7505.971,8253.66,846.701,,-2.631,140.93505,1.51901,,,-9.096,198.986,209.774,258.932,,,,,49.158,,,-11.063999999999993,,,-23.738,5.966999999999999,497.981,384.404,6.312999999999999,-23.738,,,0.0,480.21000000000004,123.46200000000002,-16.198000000000008,17.031,0.0,AZM.MI,MI,,-46.151,0.019,0.019,5.774,11.711,0.0,,,72.864,94.908,,,,300.744,151.335,13.341,,419.245,,-0.197,259.129,,-0.521,570.58,130.752,160.116,16.544,,,-23.713,,,,,,,,,,,,,,,,,,,,,
2019-09-30,,,173.987,,32.324,,66.854,552.112,89.435,604.918,6556.828,15.229,,357.829,6.141,,36.0,6327.242,53.215,53.69,440.21,0.10665,7676.962,140.93505,604.918,,656.578,7020.384,7676.962,604.918,,-2.23,140.93505,0.53588,,,-3.455,75.524,78.979,83.999,,,,,5.02,,,-8.997,,,-3.1410000000000196,-12.775000000000006,45.995000000000005,17.313000000000002,7.028000000000002,-3.141,,,0.0,30.079000000000008,75.524,-53.86999999999999,-3.7780000000000022,0.0,AZM.MI,MI,,,0.033,0.033,,13.82,0.0,,,,,,,,,88.826,7.028,,151.092,,-0.045,84.044,,3.413,239.918,56.607,67.048,,,,-23.713,,,,,,,,,,,,,,,,,,,,,
2019-12-31,21.26,47.943,57.729,,116.852,,11.928,86.919,47.216,0.0,2998.864,0.026,,119.738,1.69,,50.0,261.101,47.495,164.219,726.604,6.79043,11765.576,115.38406,10503.986,,917.642,10847.934,11765.576,0.0,,3.813,114.956,1.2348,,,0.017,139.339,139.322,164.038,,,,,24.716,,,-11.934000000000001,,,33.252999999999986,-40.643,43.49200000000002,230.368,16.162999999999997,,,,33.246,36.101999999999975,139.322,-342.36100000000005,-28.709,0.007000000000005002,BGN.MI,MI,,,,621.06,158.064,7518.209,10345.922,,,161.856,,,,,,193.436,17.502,,311.669,,-1.782,168.98,-3.16,-21.351,505.105,143.467,142.689,3.071,621.06,,-37.356,,,,,,,,,,,,,,,,,,,,,
2019-06-30,18.022,58.165,57.591,,116.852,,6.236,66.065,24.789,44.115,2706.038,,,178.864,21.59,,,256.727,43.939,141.514,582.646,5.55012,10862.897,116.00832,9767.443,,734.714,10128.183,10862.897,44.115,,-1.698,116.482,1.13566,,,,132.8,132.8,161.276,,,,,28.476,,,-5.531,,,-145.938,-5.531,-372.124,-45.775,13.792,,,,-1.031,-523.593,132.8,-472.941,,-144.907,BGN.MI,MI,,,,757.446,,6781.081,9723.328,,,163.161,,,,,,184.439,14.84,,279.658,,-0.085,163.792,-2.431,-14.78,464.097,116.433,115.86600000000001,-0.627,757.446,,-20.677,,,,,,,,,,,,,,,,,,,,,
2019-12-31,,,3.002,,600.234,,45.076,132.925,70.526,68.213,26476.394,,,574.997,143.517,,,26742.841,111.261,268.873,1734.94,2.91612,53437.634,733.73496,24163.087,,2343.113,51094.521,53437.634,68.213,,52.745,735.73891,0.53564,,,,394.09,394.09,524.515,,,,,130.425,,,-11.324000000000002,,,-153.32399999999998,4.616,209.783,1009.7719999999999,33.938,0.5,,,0.22100000000000009,61.074999999999996,394.09000000000003,-1228.0169999999998,15.94,-154.045,BMED.MI,MI,,,169.957,169.957,,25632.701,24094.874,,,,,,,,,337.872,33.938,,2852.982,,-80.023,2514.021,-1909.483,31.361,3190.854,273.697,338.96099999999996,,,,-47.808,,,,,,,,,,-0.035,,,,,,,,,,,
2019-06-30,,,2.502,,600.185,,31.263,132.925,67.871,77.99,26281.646,,,508.921,50.645,,,24431.537,110.196,269.479,1486.947,2.59315,53908.64,733.22333,27293.043,,2102.152,51806.488,53908.64,77.99,,60.498,738.5431,0.232,,,,171.342,171.342,214.472,,,,,43.13,,,-23.889,,,-140.943,-20.989,153.477,6494.265,27.701,0.0,,,5.702,-8.455,171.342,-6539.831,2.9,-146.645,BMED.MI,MI,,,108.882,108.882,,26428.72,27215.053,,,,,,,,,298.605,27.701,,2908.522,,6.258,2592.424,-2384.21,20.05,3207.127,266.777,316.09799999999996,,,,-47.98,,,,,,,,,,1.57,,,,,,,,,,,
2019-12-31,,,,6419.0126,7100.0,,610.034,76.2,1193.16,15710.712,1386.079,26.076,122312.599,2266.694,9.235,24343.96978,298.112,16197.891,4590.873,3624.312,4309.576,7.00726,167038.201,1511.52433,26180.066,112153.893,11861.006,155177.195,167038.201,16443.248,9736.818,164.836,1511.48659,0.13451,1239.572,354.872,11.093,203.868,192.775,210.77,623.082,977.954,-1648.044,1235.732,17.995,,261.618,-120.49199999999999,,,-14.33499999999998,-50.14600000000001,182.59500000000003,182.59500000000003,,-14.33499999999998,,,,118.11399999999999,,,70.346,0.0,BAMI.MI,MI,,,,,,,,,,,,,,,,,,,,,,,,,,,,,,,-11.518,,,,,,,,,,,,,,,,,,,,,
2019-06-30,,,,3272.9438,7100.0,,476.729,76.389,1184.895,13905.622,1320.167,41.026,122245.509,3211.932,6.295,26498.248140000003,298.112,14451.072,6062.019,3525.869,4108.46,6.62274,167818.779,1511.24912,30662.239,110911.526,11269.892,156548.887,167818.779,14687.16,15975.079,-224.295,1511.19186,0.39115,1274.352,369.869,4.471,593.133,588.662,635.343,650.129,1019.998,-1668.97,1654.184,46.681,,254.354,-51.893,,,294.859,-46.891,-375.357,-375.357,,294.923,,,,-127.389,,,5.002,-0.064,BAMI.MI,MI,,,,,,,,,,,,,,,,,,,,,,,,,,,,,,,-12.385,,,,,,,,,,,,,,,,,,,,,
2019-12-31,1295.668,58.724,1002.722,3894.9484,1561.884,,70.332,434.758,235.089,5834.889,225.869,131.662,60474.867,1247.009,5.405,8996.07352,150.0,3243.437,1655.409,1368.696,2414.788,8.63183,79033.498,520.17249,8448.435,60619.95,5159.885,73873.613,79033.498,6141.798,2306.637,37.75,539.54705,-0.2539,362.123,139.526,0.199,-143.342,-143.541,-141.04,162.92,302.446,-666.885,362.925,2.501,,59.677,-136.232,,,180.0,-354.48400000000004,346.06100000000004,55.53400000000002,116.52399999999999,180,-0.178,,,171.399,279.091,-105.088,-218.252,0.0,BPE.MI,MI,,,,,,,,,,,,,,,,,,,,,,,,,,,,,,,-7.259,,,,,,,,,,,,,,,,,,,,,
2019-06-30,876.705,87.171,930.073,1677.1712999999997,1443.925,,59.147,264.74,167.182,5563.206,453.046,505.929,52460.485,1254.151,6.527,12413.21439,,2767.947,1415.242,1261.8,2061.925,8.34324,71582.668,480.85298,9934.123,52901.324,4443.795,67138.873,71582.668,5788.981,4145.142,15.13,480.85298,0.11015,330.559,74.551,-5.694,52.521,58.215,57.228,197.737,272.288,-397.554,257.045,-0.987,,58.271,-25.8,,,-74.489,-21.515,31.806,-186.859,68.552,0,-0.059,,,-64.257,100.492,49.621,4.285,-74.489,BPE.MI,MI,,,,,,,,,,,,,,,,,,,,,,,,,,,,,,,-7.258,,,,,,,,,,,,,,,,,,,,,
2019-12-31,235.365,73.259,458.696,,123.637,,366.442,619.002,70.814,1235.628,550.92,5.703,,,135.579,,-334.483,540.393,78.968,3249.244,3349.355,14.53806,6402.564,206.03181,1360.705,,3685.118,2717.446,6402.564,1310.293,,88.286,206.08179,1.23223,,,-0.162,251.056,251.218,311.179,,,,,59.961,,,-130.825,12.386,56.77300000000001,-73.482,-154.694,426.987,-28.5,136.916,-1.4769999999999999,4.31,-72.005,0.0,203.121,311.17900000000003,7.3919999999999995,-23.869,0.0,BZU.MI,MI,414.468,-5436.523,573.002,837.403,48.941,21.932,1.471,,57.355999999999995,14.183,8685.767,1811.684,494.615,488.274,471.824,594.415,132.844,,1108.305,,19.353,302.59,-10.764,-7.801,1702.72,677.854,805.7150000000001,2.818,264.401,,-0.373,,,,,,,,,,,,,,,,,,,,,
2019-06-30,240.092,65.058,458.696,,123.637,,336.189,580.859,42.516,971.041,535.685,5.92,,,157.016,,-389.269,504.433,50.022,3184.205,3121.574,13.47693,6085.65,205.29982,1386.755,,3390.187,2695.463,6085.65,1043.095,,88.287,203.58851,0.66716,,,-0.077,134.615,134.692,170.777,,,,,36.085,,,-126.259,19.312,27.502,107.871,-65.007,148.435,-128.074,122.95,-0.475,2.484,134.905,,193.783,170.777,-17.218,61.252,-26.559,BZU.MI,MI,501.36,-5311.948,453.971,634.282,243.359,22.872,100.301,,74.418,17.016,8496.153,1669.491,805.826,442.415,575.778,596.009,123.216,,922.714,,17.939,165.648,-12.81,-9.075,1518.723,641.388,757.066,1.537,180.311,0.0,-12.738,,,,,,,,,,,,,,,,,,,,,
2020-06-30,233.8,13.3,,,58.1,,388.5,1419.8,1050.0,759.3,26.1,0.6,,,199.2,,-174.9,254.6,60.4,572.8,2331.7,-0.22444,4990.0,1135.72928,1685.1,,2214.9,2775.1,4990.0,838.8,,,1216.66667,0.07374,,,0.2,73.0,72.8,101.0,,,,,28.2,0.0,,-28.3,9.6,80.0,187.4,-123.6,28.4,-133.5,39.4,-4.7,-9.5,351.0,-96.0,82.7,103.0,19.5,-95.3,-62.9,CPR.MI,MI,282.2,-485.2,277.4,795.7,596.9,18.9,249.4,0.9,67.30000000000001,,1058.0,1842.0,1292.6,695.9,349.5,315.8,17.4,,452.9,,-17.8,102.6,16.2,4.6,768.7,305.1,350.3,23.2,509.7,8.6,,,,,,,,,,,,,,,,,,,,,,
2019-12-31,242.1,8.7,,,58.1,,384.5,1387.3,1085.3,598.7,2.2,1.9,,,276.8,,-47.3,230.8,47.1,580.8,2373.5,-0.07692,4836.2,1147.8958,1307.1,,2384.3,2451.9,4836.2,680.8,,,1172.26822,0.16495,,,0.0,185.6,185.6,200.9,,,,,15.3,,,-65.8,23.1,36.199999999999996,-339.9,20.3,257.2,10.299999999999997,37.0,-41.0,-2.0,-258.7,-40.199999999999996,-64.4,214.60000000000002,-4.700000000000001,86.1,0.0,CPR.MI,MI,316.8,-463.3,199.0,712.5,595.4,21.1,30.9,0.2,63.39999999999998,,1044.2,1712.4,1153.9,619.5,380.2,399.0,15.1,,595.3,,-15.4,214.6,1.7,4.6,994.3,352.6,380.70000000000005,8.4,505.4,8.1,,,,,,,,,,,,,,,,,,,,,,
2019-06-30,195.4,20.0,,,58.1,,374.8,1333.1,1058.3,1228.7,121.8,0.0,,,223.9,,-109.3,270.6,52.5,524.8,2289.7,-0.13276,4866.6,1151.7365,1543.4,,2238.5,2628.1,4866.6,1305.0,,,1228.0,0.10442,,,0.0,122.8,122.8,153.7,,,,,30.9,,,-26.2,8.0,9.1,66.7,-16.0,105.8,-88.3,34.8,-13.3,-1.6,144.4,-7.1,154.9,171.7,-12.4,10.2,-57.3,CPR.MI,MI,284.1,-407.4,280.9,772.5,233.8,27.2,4.6,1.7,62.0,,932.0,1748.9,677.7,628.6,346.1,322.3,14.2,,525.9,,-14.4,171.7,-3.6,1.9,848.2,331.3,354.2,6.8,487.9,3.7,,,,,,,,,,,,,,,,,,,,,,
2020-06-30,4544,,,,,,213,,4689.0,24959,2298,54,,,4818,,7500,4702,963,6704.0,,2.08196,46790.0,1350.16825,24959.0,,7500.0,39290.0,46790.0,24959.0,,,1355.05618,-0.61034,,,-11,-1206.0,-1195.0,-1276.0,,,,,-81.0,,,-146,,,494.0,72.0,509.0,395.0,286,399,89,97,0.0,1164.0,-1195.0,1201.0,218.0,-2,CNHI.MI,MI,472,,5868.0,6038.0,,,,1139,17619.0,,,32136.0,9362.0,6868,18091,5393,,,169,0.0,-63,-1213.0,,61,5562.0,431,1382.0,583,,170,,,,,,,,,,,307.0,,,,-178,,,,387.95117,,,
2020-03-31,4908,546.0,3238.0,,25.0,,260,2525.0,2870.0,23638,683,47,,,4032,,-2668,4597,810,7151.0,6829.0,1.38649,45711.0,1350.16825,24054.0,,7267.0,38444.0,45711.0,23936.0,,-3.0,1350.0,-0.07907,,,-11,-110.0,-99.0,-134.0,,,,,-35.0,,,-142,,,-234.0,662.0,-1232.0,-1134.0,295,-408,-265,175,,-1069.0,-99.0,-253.0,804.0,-1,CNHI.MI,MI,343,,3850.0,4071.0,118.0,,0.0,854,18851.0,148.0,,31672.0,9604.0,7405,19194,4729,109.0,,721,,-54,-80.0,,46,5450.0,502,801.0,5,,221,-154.0,,,,,,,,,,139.0,,,,-41,,,,387.95117,,,
2019-12-31,5635,,3240.0,,25.0,,274,2548.0,2974.0,24964,707,44,,,5089,,-2222,4908,844,7626.0,6935.0,1.70131,49182.0,1350.13212,25413.0,,7819.0,41363.0,49182.0,25413.0,,-5.0,1351.0,0.17456,,,-7,156.0,163.0,196.0,,,,,33.0,,,-447,,,527.0,-1214.0,2197.0,1645.0,318,962,98,-420,-12.0,1608.0,163.0,36.0,-767.0,-3,CNHI.MI,MI,408,,4875.0,4948.0,,,0.0,898,21023.0,141.0,,34483.0,10724.0,7065,21431,6448,112.0,,1269,0.0,-126,322.0,,28,7717.0,566,947.0,96,,73,-154.0,,,,,,,,,,145.0,,,,35,,,,387.95117,,,
2019-09-30,5167,,3279.0,,25.0,,241,2463.0,2867.0,24006,717,41,,,4889,,-2105,4819,805,7436.0,6728.0,1.81377,47340.0,1351.33263,24402.0,,7781.0,39559.0,47340.0,24402.0,,-4.0,1352.0,0.13093,,,-6,83.0,89.0,142.0,,,,,53.0,,,-238,,,158.0,500.0,-680.0,-1080.0,301,-140,-159,300,0.0,-181.0,89.0,4.0,738.0,-2,CNHI.MI,MI,417,,3384.0,3519.0,,,0.0,781,20025.0,189.0,,33052.0,10056.0,8121,20442,5132,106.0,,1164,0.0,-99,241.0,,1,6296.0,519,923.0,150,,135,-142.0,,,,,,,,,,147.0,,,,6,,,,387.95153,,,
2019-06-30,6129,,3236.0,,25.0,,231,2469.0,2982.0,24464,611,41,,,5279,,-1944,5000,833,7841.0,6672.0,1.76928,49418.0,1350.8342,24897.0,,7841.0,41577.0,49418.0,24897.0,,,1353.0,0.29099,,,-12,371.0,383.0,506.0,,,,,123.0,,,-210,,,6.0,-767.0,625.0,-125.0,309,653,23,-325,-45.0,-113.0,383.0,45.0,-557.0,-277,CNHI.MI,MI,471,,3659.0,3766.0,,,0.0,687,21415.0,119.0,,34682.0,11408.0,8224,21886,6146,110.0,,1431,0.0,-50,556.0,,26,7577.0,538,875.0,30,,107,-148.0,,,,,,,,,,171.0,,,,13,,,,388.05153,,,
2020-06-30,233.8,13.3,,,58.1,,388.5,1419.8,1050.0,759.3,26.1,0.6,,,199.2,,-174.9,254.6,60.4,572.8,2331.7,-0.22444,4990.0,1135.72928,1685.1,,2214.9,2775.1,4990.0,838.8,,,1216.66667,0.07374,,,0.2,73.0,72.8,101.0,,,,,28.2,0.0,,-28.3,9.6,80.0,187.4,-123.6,28.4,-133.5,39.4,-4.7,-9.5,351.0,-96.0,82.7,103.0,19.5,-95.3,-62.9,CPR.MI,MI,282.2,-485.2,277.4,795.7,596.9,18.9,249.4,0.9,67.30000000000001,,1058.0,1842.0,1292.6,695.9,349.5,315.8,17.4,,452.9,,-17.8,102.6,16.2,4.6,768.7,305.1,350.3,23.2,509.7,8.6,,,,,,,,,,,,,,,,,,,,,,
2019-12-31,242.1,8.7,,,58.1,,384.5,1387.3,1085.3,598.7,2.2,1.9,,,276.8,,-47.3,230.8,47.1,580.8,2373.5,-0.07692,4836.2,1147.8958,1307.1,,2384.3,2451.9,4836.2,680.8,,,1172.26822,0.16495,,,0.0,185.6,185.6,200.9,,,,,15.3,,,-65.8,23.1,36.199999999999996,-339.9,20.3,257.2,10.299999999999997,37.0,-41.0,-2.0,-258.7,-40.199999999999996,-64.4,214.60000000000002,-4.700000000000001,86.1,0.0,CPR.MI,MI,316.8,-463.3,199.0,712.5,595.4,21.1,30.9,0.2,63.39999999999998,,1044.2,1712.4,1153.9,619.5,380.2,399.0,15.1,,595.3,,-15.4,214.6,1.7,4.6,994.3,352.6,380.70000000000005,8.4,505.4,8.1,,,,,,,,,,,,,,,,,,,,,,
2019-06-30,195.4,20.0,,,58.1,,374.8,1333.1,1058.3,1228.7,121.8,0.0,,,223.9,,-109.3,270.6,52.5,524.8,2289.7,-0.13276,4866.6,1151.7365,1543.4,,2238.5,2628.1,4866.6,1305.0,,,1228.0,0.10442,,,0.0,122.8,122.8,153.7,,,,,30.9,,,-26.2,8.0,9.1,66.7,-16.0,105.8,-88.3,34.8,-13.3,-1.6,144.4,-7.1,154.9,171.7,-12.4,10.2,-57.3,CPR.MI,MI,284.1,-407.4,280.9,772.5,233.8,27.2,4.6,1.7,62.0,,932.0,1748.9,677.7,628.6,346.1,322.3,14.2,,525.9,,-14.4,171.7,-3.6,1.9,848.2,331.3,354.2,6.8,487.9,3.7,,,,,,,,,,,,,,,,,,,,,,
2019-12-31,55.733,,18.155,,55.948,,7.135,164.681,205.598,,0.027,0.0,,,61.934,,103.46,60.849,34.1,128.385,752.909,8.73039,1063.552,54.79066,29.278,,848.623,214.929,1063.552,24.466,,,55.16189,1.72012,,,0,91.748,91.748,107.21,,,,,15.462,,,-55.79,,42.612,-25.482,-20.125999999999998,61.56999999999999,-179.957,58.972,43.334,0.387,-26.601,7.016,16.349000000000004,175.735,6.82,35.664,-49.231,DIA.MI,MI,132.513,,157.552,202.14,4.812,,0.0,24.981,0.0,,,530.761,122.479,171.127,132.513,110.647,3.345,,245.415,0.158,0.043,107.665,-0.498,0.509,356.062,108.772,137.75,3.666,,44.588,-81.849,,,,,,,,,,21.3,,,,,,,,,,,
2019-06-30,52.101,,18.155,,55.948,,5.424,163.354,208.677,,0.027,0.002,,,55.661,,101.489,55.279,28.942,125.284,656.964,6.85515,987.654,54.72266,72.024,,747.163,240.491,987.654,24.861,,,54.67248,1.54955,,,0,83.987,83.987,109.077,,,,,25.09,,,-25.533,,20.612,-10.568999999999996,-14.838,44.721000000000004,-62.437,29.06,16.676000000000002,0.651,18.555,3.365,19.965,83.987,-5.889,10.695,-49.165,DIA.MI,MI,136.264,,90.068,134.058,47.163,,0.0,18.493,0.0,5.071,,461.37,154.925,167.484,136.264,106.981,2.851,,243.276,-0.17,-0.575,110.196,-0.544,3.35,350.257,105.648,133.08,0.949,,43.99,-85.393,,,,,,,,,,20.452,,,,,,,,,,,
2020-06-30,9348,,,,10167.0,,8160.0,14115,17265.0,53623,7216,14188,,,22165,,,20397,14313,78418.0,19014.0,-0.21643,166995.0,10165.13079,63557.0,,29180.0,137815.0,166995.0,53623.0,,,10165.13079,0.19511,,,-456,1947.0,2403.0,3437.0,,,,,1034.0,,,-1957,1859.0,891.0,616.0,-2296.0,-11.0,-4667.0,2098,1508,-87,-445,,-1778.0,949.0,1609.0,-339.0,-447,ENEL.MI,MI,11481,,5840.0,10168.0,2738.0,401,7196.0,9949.0,1040.0,,,35267.0,41447.0,2629,12521,12853,3465,,,601,-1136,4543.0,30,234,32520.0,10824,15124.0,,,4328,-1.0,,,,,,,,,,,,,,,,,,,,,
2020-03-31,11043,647.0,7487.0,,10167.0,,,14146,,54595,7425,14968,,,24848,,-7230.0,28878,8541,95938.0,20432.0,1.64376,174201.0,10165.13079,62962.0,,30855.0,143346.0,174201.0,54595.0,,,10391.66667,0.12,,,-440,1247.0,1687.0,2488.0,,,,,801.0,,,-1870,,,-1322.0,-1823.0,2053.0,-1814.0,1367,472,-287,388,,-1379.0,2488.0,12.0,47.0,-2182,ENEL.MI,MI,12527,,7642.0,22613.0,8367.0,6400,0.0,,4052.0,,,41751.0,44905.0,2559,16579,8433,1599,,,792,-639,3109.0,18,642,13230.0,4657,8443.0,,,14971,-1.0,,,,,,6755.0,,,,,,,,,,,,,753.0,,
2019-12-31,12960,,7487.0,,10167.0,,8314.0,14241,19089.0,54174,7753,16561,,,20202,,-6602.0,21512,13344,79809.0,19326.0,-0.2905,171426.0,10165.13079,61500.0,,30377.0,141049.0,171426.0,54174.0,,,10165.98376,0.19002,,,-624,-41.0,583.0,425.0,,,,,-158.0,,,-2666,4235.0,1850.0,1513.0,-2755.0,3580.0,-2543.0,1393,257,-54,1335,-9.0,2284.0,2122.0,2608.0,-89.0,-70,ENEL.MI,MI,13249,,9029.0,13334.0,3409.0,487,3917.0,7180.0,409.0,,,36703.0,40488.0,2531,13658,13689,2893,,,840,-1175,1665.0,-65,3404,24361.0,12849,23021.0,3035.0,,4305,-1.0,,,,,,14014.0,,,,,,,,,,,,,,,
2019-09-30,11252,602.0,7496.0,,10167.0,,8616.0,14297,,52531,6641,16962,,,18497,,-6388.0,21925,9469,97383.0,19594.0,1.63003,169960.0,10166.67995,61237.0,,30869.0,139091.0,169960.0,52531.0,,,10154.14011,-0.13807,,,-52,-1402.0,-1350.0,-1697.0,,,,,-347.0,,,-2629,,,344.0,-2348.0,3052.0,519.0,4942,1077,-53,981,-1.0,995.0,-1697.0,-712.0,281.0,-1713,ENEL.MI,MI,13274,,6753.0,15073.0,8706.0,6422,0.0,,4516.0,,,35748.0,39057.0,2885,17790,7175,5316,,,-14,-779,-1014.0,96,617,13961.0,4995,11972.0,,,8320,,,,,,,4172.0,,,,,,,,,,,,,1058.0,,
2019-06-30,10941,,7496.0,,10167.0,,8681.0,14300,19191.0,51572,7966,16236,,,21396,,-6026.0,21399,12776,80192.0,20952.0,-0.08872,170508.0,10166.67995,59266.0,,32589.0,137919.0,170508.0,51572.0,,,10166.67995,0.25396,,,-678,2215.0,2893.0,3887.0,,,,,994.0,,,-2092,1767.0,589.0,-2911.0,-2088.0,2241.0,-2638.0,1924,-439,-4,-2055,,-2762.0,1616.0,1339.0,4.0,-417,ENEL.MI,MI,13691,,5747.0,10925.0,3366.0,378,4328.0,7256.0,776.0,,,35705.0,40031.0,3057,14467,18458,2854,,,-104,-1228,5213.0,-98,1315,30065.0,10762,15320.0,493.0,,5178,,,,,,,8926.0,,,,,,,,,,,,,,,
2020-06-30,12525,,,,4005.0,,6018,,3086.0,22746,9557,72,,,7518,,7047,17155,6460,63912.0,28296.0,9.98754,115085.0,3572.54965,33030.0,,38767.0,76318.0,115085.0,27469.0,,,3572.5,-0.69657,,,-1,-4406.0,-4405.0,-3287.0,,,,,1118.0,,,-978,257,334,1609.0,-109.0,1404.0,-113.0,1977,-3.0,-18,3146,,2886.0,-4405.0,3945.0,869.0,-1534.0,ENI.MI,MI,10700,,6527.0,12569.0,2437.0,180.0,3124.0,3660,803.0,,,31890.0,25604.0,4158,11503,5517,1977,,2640,,-607,-2680.0,,-135,8157.0,827,5320.0,2651,,6042,-581,,,,,,,,,,,,,,,,,,,,,
2020-03-31,13778,,,,4005.0,,5270,,3207.0,19698,10238,108,,,8921,,7787,16621,6332,67620.0,34466.0,11.7759,120006.0,3572.54965,30031.0,,45277.0,74729.0,120006.0,24506.0,,,3572.5,-0.62446,,,-2,-2929.0,-2927.0,-2393.0,,,,,534.0,,,-1590,277,738,-701.0,-2632.0,975.0,-18.0,1880,,5,-701,,-2353.0,-2927.0,2040.0,-1042.0,,ENI.MI,MI,12695,,3641.0,10243.0,3421.0,177.0,2104.0,4307,1384.0,,,32432.0,28224.0,3803,14079,11669,1880,,2204,,-1298,-1095.0,,52,13873.0,888,3299.0,479,,6602,-981,,,,,,,,,,,,,,,,,,,,,
2019-12-31,10480,1411.0,,,4005.0,,4920,1265.0,1794.0,18910,10073,61,,,11256,,8017,17307,5749,67541.0,36798.0,12.53447,123440.0,3572.54965,30166.0,,47839.0,75601.0,123440.0,23669.0,,,3583.63681,-0.0119,,,-3,-1368.0,-1365.0,1403.0,,,,,2768.0,,,-2241,196,1332,150.0,-2297.0,3725.0,-396.0,2213,-2.0,-17,330,-178.0,1561.0,-1889.0,3797.0,-56.0,0.0,ENI.MI,MI,8519,-130623.0,5994.0,12754.0,4045.0,2109.0,2452.0,3206,5696.0,,192815.0,34909.0,29644.0,4734,14215,16174,4280,,16727,,-191,1698.0,-104.0,553,32901.0,8305,15029.0,1891,,6760,-981,,,,,,,,,,,,,,,,,,,,,
2019-09-30,14393,1866.0,,,4005.0,,4428,,3189.0,18875,11529,58,,,4812,,8406,15433,6074,69266.0,39812.0,13.39131,122346.0,3601.14013,29943.0,,51413.0,70933.0,122346.0,23833.0,,,3486.66667,0.15634,,,-1,523.0,524.0,1834.0,,,,,1310.0,,,-1899,347,1220,-3406.0,-4786.0,2049.0,-1918.0,2067,0.0,22,-1687,-176.0,-6121.0,524.0,1376.0,-2887.0,-1543.0,ENI.MI,MI,13309,,4433.0,11216.0,3607.0,,2503.0,1951,1133.0,,,32288.0,27181.0,4679,14442,12183,2067,,4503,,-43,1877.0,,-266,16686.0,791,2626.0,34,,6783,-810,,,,,,,,,,,,,,,,,,,,,
2019-06-30,10679,2311.0,,,4005.0,,4379,1285.0,1869.0,18956,7254,57,,,10369,,6925,15117,5634,66918.0,40652.0,13.27219,124883.0,3601.14013,31022.0,,50949.0,73934.0,124883.0,23808.0,,,3603.64498,0.50564,,,-4,1516.0,1520.0,4343.0,,,,,2823.0,,,-1997,256,1363,-2145.0,-2070.0,4515.0,43.0,1959,-4.0,-6,-620,-46.0,294.0,425.0,2088.0,-73.0,-1475.0,ENI.MI,MI,9416,-127100.0,10554.0,17224.0,4940.0,2039.0,2274.0,3029,5646.0,,188530.0,39884.0,30573.0,4569,15062,19896,3826,,17084,-30.0,-390,4753.0,-20.0,-81,36980.0,8145,12331.0,471,,6670,-633,,,,,,,,,,,,,,,,,,,,,
2019-12-31,27611,7320,,,2.0,,2062,14735,20332.0,40851,20064,27534,,,8045,,-218,41983,2966,36710.0,15553.0,-86.5417,172611.0,231.58779,43031.0,,15025.0,157586.0,172611.0,43031.0,,-43,231.59022,3.08582,,,-1396,627.0,2063.0,3011.0,,,,,948.0,-1,,-6302,,,-2013.0,-4886.0,7166.0,2274.0,3576,-7,128,-1837,-154,395.0,2062.0,-1462.0,1416.0,-15,EXO.MI,MI,2582,,,21991.0,,,0.0,8585,25307.0,1282.0,,77804.0,42976.0,18057,27889,63401,,,11434,-88,-1196,3702.0,505,-65,74835.0,4828,7732.0,71,11530,10461,-269,,,,,,,,,,2986.0,,,,716,,,,,,,
2019-06-30,27686,5734,,,2.0,,1417,14499,19912.0,43242,19633,26281,,,10815,,-282,41744,2729,35843.0,14960.0,-86.39759,173396.0,231.76572,45332.0,,14387.0,159009.0,173396.0,45332.0,,-35,232.33157,-6.60835,,,-4466,2426.0,2922.0,3809.0,,,,,887.0,1,,-3988,,,-3422.0,1438.0,5274.0,102.0,3543,323,114,-777,-368,3404.0,2923.0,-1606.0,5426.0,-2600,EXO.MI,MI,3007,,,21803.0,,,0.0,8877,25663.0,,,80780.0,44235.0,21430,28670,57616,,,11304,-151,-804,4479.0,134,79,68920.0,4586,6825.0,10,13122,8681,-258,,,,,,,,,,2301.0,,,,312,,,,,,,
2020-03-31,664.239,,,,2.573,,91.715,785.182,858.01,2069.55,36.816,5.793,,,9.981,,34.346,1124.825,61.328,1140.055,1492.79,-0.45643,5567.894,248.63025,2141.632,,1529.709,4038.185,5567.894,2141.632,,,185.578,0.89452,,,0.232,166.004,165.772,207.215,,,,,41.443,,,-174.013,12.589,1.568,-108.565,-173.797,263.09,-54.157,96.578,,1.667,21.228,-129.793,-17.605,207.215,13.454,0.216,,RACE.MI,MI,1241.815,,880.341,882.458,,,0.0,143.04,15.214999999999918,,,2686.503,674.22,403.975,1257.03,450.812,41.72,,481.385,-1.276,-13.076,220.291,,2.13,932.197,79.003,261.09399999999994,,,2.117,,,,,,,,,,,139.517,,,,,,,,,,,
2019-12-31,711.539,114.237,,,2.573,,82.208,785.182,837.938,2029.241,38.716,5.998,,,651.778,,25.997,309.585,73.683,1069.652,1452.72,-0.57045,5446.372,248.63024,2089.737,,1481.29,3965.082,5446.372,2089.737,,,186.158,0.90016,,,1.486,167.572,166.086,209.586,,,,,43.5,,,-252.70999999999998,13.714000000000002,9.205999999999996,-78.44400000000002,-250.50399999999996,357.29100000000005,4.283000000000001,114.21900000000002,0.0,-1.794,5.02000000000001,-83.464,26.548999999999992,209.586,29.202999999999996,2.2059999999999995,0.0,RACE.MI,MI,1197.887,,897.946,901.226,,,0.0,100.959,21.077999999999975,,,2641.201,1477.554,420.051,1218.965,437.861,45.71,,489.78,-1.121,-9.989,219.575,,1.645,927.641,87.752,270.20500000000004,,,3.28,,,,,,,,,,,136.219,,,,,,,,,,,
2019-09-30,607.794,,,,2.573,,62.815,785.182,778.651,2045.972,36.91,7.494,,,26.461,,19.918,1140.529,63.329,996.116,1364.355,-0.71018,5340.08,249.2139,2108.141,,1386.846,3953.234,5340.08,2108.141,,,187.302,0.89615,,,-1.104,167.851,168.955,211.195,,,,,42.24,,,-144.986,12.079999999999998,10.026000000000002,-146.20499999999998,-144.00400000000002,278.077,-47.403999999999996,83.56800000000001,0.0,2.324,18.601999999999997,-153.25500000000002,-9.807999999999993,211.195,30.718,0.9820000000000002,-11.551999999999992,RACE.MI,MI,1230.825,,871.399,876.439,,,0.0,110.931,70.84899999999993,,,2679.892,634.255,390.848,1301.674,425.457,32.953,,489.857,-1.011,-15.629,226.824,,5.517,915.314,96.153,263.033,,,5.04,,,,,,,,,,,129.421,,,,,,,,,,,
2019-06-30,686.327,,,,2.573,,65.632,785.182,736.071,1984.651,35.119,6.348,,,23.647,,28.558,1071.089,70.612,977.184,1345.604,-0.57743,5277.97,250.27733,2048.192,,1376.735,3901.235,5277.97,2048.192,,,188.207,0.9676,,,-0.966,182.11,183.076,228.844,,,,,45.768,,,-172.774,6.926,10.189,-291.17,-172.076,286.31300000000005,-39.653999999999996,75.74999999999999,-2.12,-4.257,-8.598000000000006,-99.34,-181.19,228.84400000000002,21.373,0.698,-181.112,RACE.MI,MI,1182.598,,881.205,885.804,,,0.0,116.213,88.24800000000005,,,2673.802,709.974,400.939,1270.846,480.385,30.171,,503.213,-0.422,-9.75,238.594,,4.271,983.598,90.601,264.619,,,4.599,,,,,,,,,,,139.998,,,,,,,,,,,
2020-03-31,20498,2404,,,20.0,,1879,11341,15811.0,6626,2284,135,,,13603,,-201,16398,2389,28511.0,26561.0,-0.38011,95515.0,2017.85111,14213.0,,26385.0,69130.0,95515.0,7941.0,,5,1568.001,-0.3037,,,-2,-1696.0,-1145.0,-869.0,,,,,276.0,,,-2327,,,1324.0,-1379.0,-2835.0,-3496.0,1335,0,-7,1324,,-2897.0,-1694.0,286.0,948.0,0,FCA.MI,MI,1791,,12134,13289.0,6204,2133,68.0,1947,4095.0,556,,33046.0,42777.0,11368,5886,18546,318,,2021,-47,-131,-682.0,-56,,20567.0,1439,2703.0,968,,1155,,,,,,,,,,,25.0,,,,734,,,,,,,
2019-12-31,21616,3080,,,20.0,,1628,11065,15639.0,6745,2349,138,,,13782,,267,16362,2981,28608.0,28245.0,0.92742,98044.0,1976.46104,12901.0,,28537.0,69507.0,98044.0,8025.0,,5,1571.672,1.00119,,,-2,1536.0,1578.0,1930.0,,,,,352.0,,,-2903,,,-2090.0,-2894.0,4351.0,1506.0,1365,0,-327,-2090,,-960.0,1578.0,-493.0,9.0,0,FCA.MI,MI,2064,,15014,15684.0,4725,2470,151.0,2002,4936.0,524,,34932.0,43354.0,9722,7000,25126,331,,4517,-58,-139,2145.0,-76,,29643.0,1764,2372.0,-26,,670,,,,,,,,,,,361.0,,,,395,,,,,,,
2019-09-30,21585,3123,,,19.0,,1303,11425,15394.0,6897,2443,135,,,14971,,791,16803,2612,28287.0,26662.0,0.32988,100476.0,1976.46104,15085.0,,27471.0,73005.0,100476.0,8188.0,,-1,1567.466,0.47175,,,0,-179.0,-179.0,261.0,,,,,440.0,,,-2152,,,-51.0,-2168.0,2343.0,-286.0,1339,0,444,-51,0.0,568.0,-179.0,1185.0,-16.0,0,FCA.MI,MI,2211,,15974,16449.0,6711,2325,186.0,2259,5212.0,385,,37990.0,46576.0,11474,7423,23225,331,,4097,-63,-200,536.0,-75,,27322.0,1594,3561.0,1387,,475,,,,,,,,,,,312.0,,,,284,,,,,,,
2019-06-30,21467,3127,,,19.0,,1050,10934,15413.0,6907,2387,134,,,15112,,292,16166,2648,27750.0,26813.0,0.39265,99152.0,1976.32025,14973.0,,27123.0,72029.0,99152.0,8139.0,,-1,1570.18,0.5934,,,-2,4650.0,793.0,1110.0,,,,,317.0,,,-1954,,,-2875.0,3043.0,4189.0,2520.0,1358,373,-136,-197,0.0,4221.0,793.0,-613.0,4997.0,-3051,FCA.MI,MI,2399,,15406,16012.0,6537,2329,297.0,2437,5021.0,401,,37691.0,46540.0,11421,7420,23118,349,,3623,-94,-182,1366.0,-74,,26741.0,1520,2257.0,160,,606,,,,,,,,,,,322.0,,,,131,,,,,,,
2019-12-31,,4.81,1.934,914.2762999999999,200.941,,,89.602,37.492,,,,3679.829,342.309,11.437,22668.33689,500.0,549.665,23.444,150.068,678.607,2.06419,28022.907,608.17615,304.842,25769.669,1382.484,26640.423,28022.907,67.325,237.517,1.002,609.65777,0.25662,147.844,,,154.251,154.251,190.411,139.51,139.51,-303.293,354.194,36.16,,8.334,-56.79499999999999,,,291.249,-56.79499999999999,-875.011,-1053.614,12.354000000000001,300,12.824,,6.445,-627.733,154.251,11.998,0.0,-15.196000000000026,FBK.MI,MI,,,,,,,,,,,,,,,,,,,,,,,,,,,,,,,0.0,,,,,,,,,,,,,,,,,,,,,
2019-06-30,,4.661,1.934,1183.0846999999999,200.941,,0.629,89.602,8.76,,,,3408.661,270.566,64.15,20576.80141,200.0,491.193,3.3,141.767,532.005,1.36506,25834.653,607.52966,310.539,24035.803,927.678,24906.975,25834.653,62.738,247.801,-7.202,608.82107,0.21536,150.064,,,134.114,134.114,193.075,141.767,141.767,-276.783,328.091,58.961,,8.297,-72.798,,,-189.082,-72.798,-196.654,-346.364,10.51,0,1.619,,0.332,-456.915,134.114,5.086,0.0,-189.414,FBK.MI,MI,,,,,,,,,,,,,,,,,,,,,,,,,,,,,,,0.0,,,,,,,,,,,,,,,,,,,,,
2020-03-31,1228.0,,,,1471.9,,150.2,814.6,3794.3,3471.8,310.3,206.2,,,1611.4,,,677.1,230.5,2065.5,1416.1,-1.16634,10726.7,1475.46423,3965.8,,2888.0,7838.7,10726.7,3541.1,,,1472.61875,0.08427,,,-5.9,124.4,130.3,183.0,,,,,52.7,,,-95.0,39.6,6.9,99.9,-132.1,170.8,-157.8,106.8,-1.2,,109.0,-7.9,138.6,183.0,38.8,-37.1,,HER.MI,MI,2186.0,,502.6,575.3,424.7,,0.0,578.5,34.90000000000009,,,3511.5,3264.1,136.8,2220.9,1028.6,137.5,,1027.2,,-28.7,211.7,,-96.5,2055.8,774.5,815.5,,,72.7,,,,,,,,,,,,,,,,,,,,,,
2019-12-31,1391.8,495.8,,,1474.8,,154.5,812.9,3780.2,3456.3,281.2,201.5,,,777.4,,,676.5,215.9,2087.2,1330.1,-1.20952,10363.3,1475.46423,3857.3,,2808.5,7554.8,10363.3,3532.4,,,1474.87763,0.1074,,,-8.6,219.5,228.1,284.1,,,,,56.0,,,-190.20000000000005,33.8,75.39999999999999,-383.90000000000003,-194.60000000000002,206.0,-93.0,131.2,-100.60000000000001,,-285.7,5.300000000000001,-372.5,189.70000000000005,-21.900000000000006,-4.399999999999999,-2.9000000000000057,HER.MI,MI,2065.3,-2263.7,364.0,434.1,213.4,,111.5,88.1,401.0,36.8,4350.9,3185.9,2989.9,160.6,2466.3,1737.4,229.4,,1803.8,,-28.6,339.1,-26.4,-252.5,3541.2,1563.9,1464.6999999999998,-76.1,,70.1,3.6,,,,,,,,,,,,,,,,,,,,,
2019-09-30,1206.4,,,,1473.5,,56.3,381.6,3365.1,2878.5,276.1,194.5,,,1051.6,,,676.7,237.7,2138.5,1242.1,-0.70336,9562.4,1465.95427,3661.3,,2715.6,6846.8,9562.4,2971.2,,,1474.25864,0.04382,,,-3.5,64.6,68.1,94.4,,,,,26.3,,,-128.4,19.0,36.900000000000006,131.6,-153.7,139.20000000000005,-90.6,215.0,0.5,,132.29999999999998,6.300000000000001,117.1,94.39999999999998,32.2,-25.3,-7.5,HER.MI,MI,1738.8,,736.5,783.8,690.1,,0.0,383.6,75.20000000000005,,,3163.4,2948.1,182.0,1814.0,798.2,123.3,,893.4,,-22.2,116.6,,-101.9,1691.6,755.4,776.8,,,47.3,,,,,,,,,,,,,,,,,,,,,,
2019-06-30,1109.3,423.3,,,1471.5,,41.6,381.6,3328.1,2787.5,278.1,191.4,,,729.0,,-31.8,659.8,230.6,2073.3,1233.9,-0.72465,9297.1,1465.95427,3495.3,,2647.4,6649.7,9297.1,2880.5,,-26.2,1470.15632,0.11349,,,-7.7,166.2,173.9,244.0,,,,,70.1,,,-118.19999999999999,18.6,6.300000000000001,-152.1,-118.80000000000001,227.0,29.099999999999994,44.9,-1.6999999999999997,,-13.099999999999994,13.799999999999999,-43.89999999999999,60.099999999999994,35.4,-0.5999999999999979,-151.1,HER.MI,MI,1785.8,-2176.9,619.4,671.9,538.0,,76.8,82.4,304.10000000000014,30.3,4250.2,3005.4,2876.4,130.9,2089.9,1683.2,199.3,,1688.4,,-35.2,288.9,-9.7,-209.2,3371.6,1408.5,1399.4999999999998,0.9,,52.5,,,,,,,,,,,,,,57.5,,,,,,,,
2020-03-31,153.99,,95.642,,55.422,,41.977,550.935,31.931,390.086,1.91,9.459,,,97.204,,4.307,89.163,37.735,492.661,922.547,4.64485,2060.41,106.58079,590.699,,1077.918,982.492,2060.41,390.086,,,106.77525,0.31033,,,-0.16,33.136,33.296,46.244,,,,,12.948,,,-16.935,1.269,5.466,-39.342,-45.737,59.954,-13.312,19.031,-0.466,-1.025,-22.697,-16.01,-26.15,46.244,7.991,-28.802,-0.169,IP.MI,MI,289.4,,205.818,205.818,200.613,1.673,0.0,12.59,22.46700000000004,,,943.565,451.807,413.29,311.867,221.314,,,122.657,,-4.198,50.19,0.252,1.206,343.971,71.261,72.46700000000001,,,,,,,,,,,,,,,,,,,,,,,,,
2019-12-31,157.413,,96.733,,55.46,,42.154,508.67,32.527,387.412,4.226,5.735,,,109.25,,7.735,60.194,36.829,484.358,889.411,4.76437,2028.683,106.65456,604.598,,1049.339,979.344,2028.683,387.412,,,107.29285,0.41564,,,-0.498,44.595,45.093,56.728,,,,,11.635,,,-19.311,1.3289999999999997,36.119,31.557999999999996,-16.495999999999995,70.976,-4.741,18.943000000000005,-0.188,-0.6270000000000001,61.712,-29.842,85.411,56.72799999999998,0.04599999999999982,2.8150000000000013,-0.12400000000000233,IP.MI,MI,284.842,,233.784,233.784,217.186,1.59,0.0,9.077,24.33699999999999,,,960.483,483.849,408.443,309.179,217.779,,,124.706,,-3.086,58.15,1.664,-4.649,342.485,71.205,66.55599999999998,0.0,,,,,,,,,,,,,,,,,,,,,,,,
2019-09-30,142.163,,28.452,,54.052,,41.997,451.708,33.158,334.322,4.052,5.495,,,121.795,,17.887,59.805,33.911,458.958,846.106,4.3975,1846.391,104.97581,528.639,,946.497,899.894,1846.391,334.322,,,105.7112,0.407,,,-0.232,43.064,43.296,60.226,,,,,16.93,,,-20.260000000000005,1.479,25.962999999999997,-26.246,-19.752000000000002,60.120999999999995,-17.882000000000005,17.002000000000002,-0.243,1.0790000000000002,4.875,-30.829,15.202,60.22600000000001,0.7750000000000004,0.5079999999999991,-0.04899999999999949,IP.MI,MI,281.875,,145.744,145.744,194.317,1.654,0.0,12.777,25.415999999999997,,,862.95,458.275,397.138,307.291,202.335,,,120.595,,-0.378,60.783,-0.179,-3.563,322.93,63.375,59.81199999999998,0.0,,,,,,,,,,,,,,,,,,,,,,,,
2019-06-30,180.734,,57.899,,54.587,,41.366,449.267,34.814,342.38,3.798,5.24,,,125.388,,5.722,59.488,33.21,450.792,803.042,4.16447,1860.68,104.97581,527.214,,921.25,939.43,1860.68,342.38,,,106.78049,0.43657,,,-0.329,46.617,46.946,64.483,,,,,17.537,,,-22.166999999999998,1.3869999999999998,11.593,2.4859999999999998,-31.448,61.727000000000004,-23.094,17.246,-0.18,-0.8089999999999999,39.801,-13.432,31.956000000000003,64.483,3.0919999999999996,-9.281,-23.703,IP.MI,MI,314.084,,136.244,136.244,184.834,1.653,0.0,13.346,25.899,,,887.146,490.956,397.573,339.983,227.701,,,131.892,,-1.381,65.865,-0.001,-2.858,359.593,68.885,66.02700000000002,0.0,,,,,,,,,,,,,,,,,,,,,,,,
2019-12-31,,,25075,41140.399999999994,9086.0,,1866,4055,5156.0,84877,1240,247,418788.0,9704.0,455,307606.12,4103,238184,14245,8878.0,17965.0,2.67437,816102.0,17483.34842,84877.0,434505.0,55968.0,760134.0,816102.0,84877.0,,-157,17633.06619,0.07582,2478.0,,3,872.0,805.0,1067.0,1727.0,1727.0,-7278.0,6618.0,262.0,,751.0,-1085,,,-167.0,-817.0,4191.0,-2193.0,632,0,0,,-165,3207.0,1907.0,3845.0,268.0,-2,ISP.MI,MI,,,,,,,,,,,,,,,,,,,,,,,,,,,,,,,-104,,,,,,,,,,,,,,,,,,,,,
2019-06-30,,,25074,59353.7,9086.0,,1744,4163,4865.0,83094,1071,337,413182.0,12179.0,312,302549.11,4103,239234,14549,8822.0,15818.0,2.54426,828365.0,17493.12693,83094.0,450109.0,53535.0,774830.0,828365.0,83094.0,,-474,17460.23244,0.09511,2565.0,,-1,1216.0,1217.0,1601.0,1744.0,1744.0,-6529.0,6386.0,384.0,,821.0,-380,,,-3595.0,-471.0,242.0,-5566.0,583,-14,12,,-89,-3812.0,2265.0,2960.0,-91.0,-3492,ISP.MI,MI,,,,,,,,,,,,,,,,,,,,,,,,,,,,,,,-72,,,,,,,,,,,,,,,,,,,,,
2020-06-30,,,3691.703,,600.0,,334.74,6112.784,809.605,2630.779,1.459,,,,180.51,,,226.931,5.6,2007.255,203.743,-2.52754,9263.328,960.2,4025.701,,4495.446,4767.882,9263.328,2630.779,,,957.85024,0.04136,,,,38.13,38.13,55.037,,,,,16.907,,,-132.345,,,-102.36400000000026,-1.0709999999999127,103.924,-55.309000000000005,99.11300000000001,,,594.194,,0.4889999999999972,38.13,4.92,131.27400000000011,-696.558,INW.MI,MI,256.795,,47.523,47.685,1394.922,,,,22.144999999999982,,,326.625,1575.432,,278.94,5.742,99.113,,178.681,,-17.413,72.45,,0.171,184.423,4.804,106.231,2.143,,0.162,0.0,,,,,,,,,,,,,,17.07,,,,,,,
2020-03-31,144.299,2.175,3691.609,,600.0,,86.559,6712.276,13.031,2204.166,8.85,,,,636.457,,,225.775,12.062,1950.958,292.076,-2.23114,8985.583,959.97788,3306.855,,4583.463,4402.12,8985.583,3107.947,,,599.88889,0.06178,,,,33.526,33.526,47.268,,,,,13.742,,,-38.859,,,2053.05,-2143.366,56.501,-15.043,31.288,,,2053.05,,-33.815,33.526,-7.041,-2104.507,,INW.MI,MI,,-2003.303,39.743,39.864,177.837,,21.071,,,16.872,3954.261,288.406,981.839,,231.67,5.492,31.303,,97.465,,-9.466,56.734,,0.522,102.957,3.926,40.731,4.98,,0.121,-0.222,,,,,,,,,,,,,,13.771,,,,,,,
2019-12-31,74.398,0.531,660.0,,600.0,,,1411.77032,11.04437,139.94359,0.23463,,,,49.17384,,,113.06277,8.87113,995.70399,301.41483,0.23072,2592.42366,599.77788,794.06535,,1561.19271,1031.23095,2592.42366,670.40459,,,601.51153,0.0708,,,,40.44577,40.44577,56.12155,,,,,15.67578,,,-210.823,,,-83.32513000000003,-23.245999999999995,84.55529000000001,21.128619999999998,32.42941999999999,,,-83.32499999999999,,-22.015839999999997,40.44577000000001,30.42324,187.577,-0.0001299999999986312,INW.MI,MI,,-854.515,66.57012,81.68685,109.73376,,13.927,,,3.985,1850.21882,164.79922,247.76359,,79.12737,5.72123,32.127,,97.51201,,-5.70079,61.82234,,-2.23039,103.23324,2.82445,35.68967,2.96862,,15.11674,-0.22212,,,,,,,,,,,,,,-39.87176,,,,,,,
2019-09-30,76.647,0.378,660.0,,600.0,,37.917,1411.77,10.329,139.94,0.213,,,,50.114,,,109.671,7.092,986.596,261.084,0.16467,2634.323,599.77788,838.734,,1520.862,1113.461,2634.323,688.968,,,599.2,0.05259,,,,29.631,29.631,41.719,,,,,12.088,,,,,,-20.65100000000001,-12.319000000000003,52.06199999999998,-1.262,35.44299999999999,,,-20.636000000000003,,19.092,29.631,-23.965,-49.548,-0.015000000000000568,INW.MI,MI,,-851.085,88.586,107.842,109.348,,40.418,,,6.05,1837.681,218.323,276.905,,104.431,3.483,35.386,,92.803,,-6.685,48.404,,0.489,96.286,5.877,44.399,2.647,,19.256,-0.222,,,,,,,,,,,,,,12.215,,,,,,,
2019-06-30,60.155,0.349,660.0,,600.0,,25.702,1411.77,7.679,139.936,0.202,,,,57.586,,,112.251,7.055,969.56,231.259,0.11936,2576.055,599.77788,828.975,,1491.037,1085.018,2576.055,684.013,,,599.66688,0.06133,,,,36.843,36.843,51.96,,,,,15.117,,,-21.659999999999997,,,-155.015,-18.725,103.352,7.811999999999999,31.098000000000003,,,-28.476999999999997,,-70.388,36.842999999999996,12.482,2.9350000000000005,-126.538,INW.MI,MI,,-847.994,69.494,84.627,104.832,,40.13,,,12.527,1817.554,179.789,263.052,,82.635,6.502,31.354,,94.473,,-5.799,57.759,,0.456,100.975,4.993,36.714,-0.089,,15.133,-0.222,,,,,,,,,,,,,,15.117,,,,,,,
2019-12-31,299.09,,620.13,,1001.232,,92.484,68.654,6663.335,4114.419,33.853,234.558,,,439.013,,-345.283,854.274,131.497,350.001,284.302,-6.39152,8232.454,809.1355,4752.654,,1560.381,6672.073,8232.454,4171.497,,,809.1355,0.31077,,,-6.361,251.078,257.439,318.27,,,,,60.831,,,-413.04699999999997,46.479,,400.945,-353.745,204.58400000000006,-234.773,207.558,24.857,,383.597,10.953,251.784,257.43899999999996,-25.639999999999997,59.302,-18.462000000000018,IG.MI,MI,457.667,-342.399,262.237,267.356,581.157,,0.0,2.49,179.87900000000008,25.427,692.4,985.114,1319.26,52.295,637.546,82.93,207.558,,901.118,,43.796,274.474,,250.338,984.048,168.283,626.644,0.465,,5.119,,,,,,,,,,,,,,,,,,,,,,
2019-06-30,221.036,,620.13,,1001.232,,70.79,13.008,5591.739,3667.876,181.243,,,,359.322,,-346.732,759.636,149.152,282.534,26.264,-5.31908,6659.998,809.1355,3948.32,,1300.894,5359.104,6659.998,3724.613,,,809.1355,0.20665,,,,166.16,166.16,229.257,,,,,63.097,,,62.85200000000003,-6.167999999999999,,-141.775,105.91399999999999,-92.46199999999999,102.786,-107.48500000000001,,,-120.637,,-128.423,-60.24000000000001,-27.522999999999996,43.062000000000005,-21.037999999999982,IG.MI,MI,211.622,-301.931,10.453,10.572,223.707,,0.0,10.515,144.541,29.967,584.465,442.322,804.065,35.105,356.163,60.124,198.315,,775.848,,-12.311,241.568,,180.08,835.972,154.442,534.28,1.443,,0.119,,,,,,,,,,,,,,,,,,,,,,
2020-06-30,10304,129,,,2496.0,,218,3744,3158.0,3366,1045,11,,,2567,,-535,2044,1270,2670.0,3412.0,-3.42952,25881.0,575.0079,5678.0,,4930.0,20951.0,25881.0,3366.0,,-443,575.008,0.1102,,,-1.0,59.0,59.0,88.0,,,,,29.0,,,-73.0,,61.0,211.0,-103.0,-388.0,-1045.0,265.0,,-5.0,292.0,,-285.0,60.0,332.0,-30.0,-81.0,LDO.MI,MI,5369,,429,429.0,2312,313,0.0,527,795.0,92,,13681.0,15312.0,6469,6164,3731,249,,2147,,-97,251.0,-66,-17,5878.0,1656.0,1896.0,8,,,,,,,,,,,,,,,,,,,,,,,,
2019-12-31,3791,172,,,2496.0,,245,3825,2939.0,3975,1257,11,,,10324,,-326,2021,1363,2608.0,3427.0,-2.50605,26893.0,575.0079,5006.0,,5323.0,21570.0,26893.0,3975.0,,-274,574.983,0.99117,,,-1.0,472.0,470.0,531.0,,,,,61.0,,,-594.0,,,-495.0,66.0,1375.0,-472.0,619.0,,-8.0,-495.0,,938.0,822.0,406.0,660.0,0.0,LDO.MI,MI,5386,,1962,1962.0,1031,436,0.0,410,805.0,79,,14465.0,15318.0,5823,6191,4564,206,,3258,,67,565.0,-101,51,7822.0,2322.0,2693.0,114,,,,,,,,,,,,,,,,,,,,,,,,
2019-06-30,3017,809,,,2495.0,,294,3741,2940.0,4144,1094,11,,,9929,,-525,2123,1486,2601.0,2955.0,-3.43571,26356.0,574.84517,5467.0,,4706.0,21650.0,26356.0,4144.0,,-219,574.845,0.44875,,,0.0,349.0,252.0,338.0,,,,,86.0,,,-254.0,,35.0,,,,,286.0,,,,,,349.0,,,,LDO.MI,MI,5478,,1179,1179.0,1323,429,0.0,494,808.0,72,,14065.0,15078.0,6034,6286,3600,277,,2362,,-56,428.0,-34,-19,5962.0,1668.0,1934.0,8,,,,,,,,,,,,,,,,,,,,,,,,
2019-12-31,,,2195.606,2193.9036,443.608,,333.182,778.238,127.364,21037.853,3830.857,91.67,48215.821,504.24,153.881,25375.49508,83.5,11836.012,650.9,500.171,6741.521,10.76231,82459.063,868.29426,28156.84,31637.028,10250.45,72208.613,82459.063,21255.893,6900.947,962.063,873.5163,0.53582,1005.815,102.122,-1.52,467.636,469.156,637.613,641.637,743.759,-674.625,670.601,168.457,,262.056,-28.939,,-140.876,-450.567,-28.938,-62.188,-473.615,,,0.0,,-49.838,-541.693,,,0.001,-400.729,MB.MI,MI,,,,,,,,,,,,,,,,,,,,,,,,,,,,,,,-175.848,,,,,,,,-394.884,947.187,,,,,,,,,,,,
2019-06-30,,,2195.606,2908.2102,443.608,,319.172,772.427,129.331,20134.055,3259.777,89.658,46086.952,524.895,281.766,23221.724059999997,,9752.111,681.651,285.849,6714.498,10.21651,78244.729,871.86988,25088.032,32904.763,9809.227,68435.502,78244.729,20134.055,4953.977,597.504,888.52004,0.42034,916.789,51.913,-0.72,372.506,373.226,500.154,627.009,678.922,-744.639,617.784,126.928,,237.867,-15.508,,-141.392,-193.95299999999997,168.81799999999998,665.019,348.9749999999999,,,-63.237,,-193.95300000000003,576.647,,,184.326,0.0,MB.MI,MI,,,,,,,,,,,,,,,,,,,,,,,,,,,,,,,-141.989,,,,,,,,-50.24000000000001,507.67600000000016,,,,,,,,,,,,
2019-12-31,248.621,39.933,,,51.596,,68.71,155.582,279.39,611.997,,0.08,,,145.651,,-4.585,17.362,137.655,806.54,1259.277,3.45336,2565.423,252.30972,738.778,,1306.288,1259.135,2565.423,611.997,,,264.81847,1.09017,,,-0.005,288.696,288.701,378.605,,,,,89.904,,,-81.246,,59.187000000000005,-61.500999999999976,-79.893,416.2729999999999,-76.937,91.01899999999999,53.907,-6.350999999999999,-116.77199999999999,0.5060000000000002,268.528,288.701,113.49000000000001,1.3529999999999998,0.8580000000000041,MONC.MI,MI,167.919,-328.122,759.073,762.193,105.526,21.936,21.255,,16.81899999999999,8.521,1134.662,1164.32,560.986,208.868,184.738,229.33,,,828.128,,-10.576,389.181,,,1057.458,438.947,438.947,,,3.12,,,,,,,,,,,,,,,,,,,,,,
2019-06-30,241.384,32.922,,,51.59,,68.857,155.582,270.377,549.975,0.045,0.075,,,92.901,,-6.129,14.789,144.414,696.309,960.284,2.2982,2115.574,252.27872,658.901,,1005.745,1109.829,2115.574,549.975,,,251.14058,0.32792,,,-0.005,69.989,69.994,92.122,,,,,22.128,,,-42.414,,27.665,-182.3,-40.955,172.282,-26.577,80.104,-54.741,-4.753,-10.929,-14.922,-55.726,69.994,48.761,1.459,-101.708,MONC.MI,MI,80.039,-246.651,490.542,492.674,108.926,0.507,0.0,,27.477999999999994,5.08,942.96,848.34,476.133,243.069,107.517,133.094,,,437.152,,-10.496,102.618,,,570.246,318.259,334.534,16.275,,2.132,,,,,,,,,,,,,,,,,,,,,,
2020-03-31,961.336,5.971,,,1904.375,,1053.058,,5648.007,3975.289,117.708,96.955,,,502.736,,,409.817,171.682,3409.158,2588.941,-1.15469,13092.35,1000.0,5569.161,,4493.316,8599.034,13092.35,4372.489,,,1000.0,0.07612,,,-1.245,37.219,38.464,50.61,,,,,12.146,,,-102.636,40.502,31.42,-5.841,-102.327,-660.181,-893.034,133.475,-197.8,-53.97,191.959,,-822.319,50.61,48.768,0.309,,PIRC.MI,MI,658.671,,797.809,809.811,1196.672,457.548,0.0,142.207,540.175,,,3288.247,2666.715,1137.383,1198.846,543.194,133.475,,508.378,,-37.761,88.371,,279.089,1051.572,7.443,420.00700000000006,,,12.002,,,,,,,,,,,,,,,,,,,,,,
2019-12-31,1546.714,265.034,,,1904.375,,1058.76,1886.988,3793.187,3544.461,280.137,102.182,,,330.007,,,436.925,133.703,3649.809,2820.074,-0.95573,13876.625,1000.0,5412.554,,4724.449,9152.176,13876.625,3949.836,,,1000.0,0.28273,,,-10.489,140.217,150.706,205.149,,,,,54.443,,,-96.096,-50.172,28.60600000000001,-183.742,-87.60499999999996,1114.322,742.6380000000001,133.317,10.841000000000008,-7.400999999999998,-194.565,,835.5740000000001,98.19600000000003,140.171,8.491,-0.018000000000000682,PIRC.MI,MI,679.99,,1609.821,1647.94,1397.944,211.213,64.774,37.148,462.7560000000001,,,3921.588,3604.473,1093.754,1142.746,1411.573,254.466,,1256.634,,-94.089,325.223,-25.985,101.233,2668.207,578.895,931.4109999999998,-3.183,,38.119,,,,,,,,,,,,,,,,,,,,,,
2019-09-30,1146.676,2.551,,,1904.375,,1061.01,,5697.923,3693.273,145.565,92.0,,,528.38,,,457.542,162.408,3593.242,2746.027,-1.04752,13486.713,1000.0,5548.152,,4650.402,8836.311,13486.713,4093.973,,,1000.0,0.14275,,,-3.969,74.749,78.718,106.953,,,,,28.235,,,-92.87100000000001,83.10900000000001,37.387,-40.043000000000006,-79.48100000000002,171.742,-151.85400000000004,126.28999999999996,-94.19800000000001,-16.068,54.056,0.0,36.14999999999998,106.95299999999997,90.35300000000001,13.39,0.09899999999998954,PIRC.MI,MI,976.177,,781.231,795.956,1454.179,354.115,0.0,72.834,584.949,,,3533.46,3131.786,1103.544,1561.126,726.219,126.29,,655.318,,-65.909,172.862,,351.17,1381.537,4.996,482.4559999999999,,,14.725,,,,,,,,,,,,,,,,,,,,,,
2019-06-30,1164.592,305.908,,,1904.375,,1074.309,1887.371,3838.256,3606.777,275.215,86.235,,,280.833,,,472.426,85.944,3593.594,2673.104,-1.14815,13376.152,1000.0,5414.37,,4577.479,8798.673,13376.152,3999.285,,,1000.0,0.13797,,,-9.074,297.917,306.991,417.11,,,,,110.119,,,-103.04,-6.820999999999998,45.845000000000006,-385.533,-100.478,272.289,-22.023000000000025,143.32600000000002,-16.659,-4.8340000000000005,-183.02499999999998,0.0,-218.55599999999998,280.076,-129.09,2.562,-185.849,PIRC.MI,MI,901.423,-957.434,741.767,754.559,1379.333,299.511,35.752,59.085,516.078,,4551.028,3396.261,3166.418,1165.116,1417.501,1391.556,252.881,,1263.291,,-84.631,524.823,-23.082,56.04,2654.847,514.493,738.4679999999998,-84.946,,12.792,,,,,,,,,,,,,,,,,,,,,,
2020-06-30,1486,,,,1306.0,,898,,656.0,19589,228803,6,,229.0,1495,,,3800,1503,3223.0,7602.0,6.31279,251202.0,1300.85204,92671.0,,8868.0,242334.0,251202.0,19589.0,,,1303.10263,0.41954,,,0,546.0,546.0,773.0,,,,,227.0,,,-112,,,947.0,-147.0,-217.0,1541.0,136,0.0,,1349,,583.0,240.0,-2134.0,-35.0,-402.0,PST.MI,MI,,,9559,,73082,6181,,,,,,,,,1048,,339,,,,8,765.0,,1290,,2688,12005.0,1.0,,,-40,,141978.0,,7687.0,,,12259.199999999999,,,,,,,,,,,,,,
2020-03-31,1557,,,,1306.0,,978,,644.0,16038,222987,1,,199.0,2272,,-166.0,3835,1770,3193.0,7618.0,6.20824,245509.0,1300.85204,91562.0,,8720.0,236789.0,245509.0,16038.0,,2.0,1296.61017,0.236,,,0,306.0,306.0,447.0,,,,,141.0,,,-97,,,480.0,-90.0,2215.0,761.0,203,1.0,,479,0.0,2605.0,306.0,945.0,7.0,,PST.MI,MI,,,9376,,75524,6514,0.0,,,,,,,,826,,203,,,,6,441.0,,693,,1418,4903.0,,,,-40,,136584.0,,2589.0,,,5130.24,,,,,,,,,,,,,,
2019-12-31,1627,,,,1306.0,,887,18.0,630.0,7364,219522,0,,271.0,2384,,1135.0,16438,1199,3269.0,7295.0,6.95698,238251.0,1300.85204,66956.0,,9698.0,228553.0,238251.0,8424.0,,2.0,1300.94555,0.46924,,,0,579.0,579.0,773.0,,,,,194.0,,,-345,23.0,,138.0,-357.0,377.0,528.0,199,,,338,0.0,158.0,789.0,-1139.0,-12.0,-200.0,PST.MI,MI,,-6368.0,5636,,10215,5952,48317.0,,,,9637.0,,,,938,,392,,,28.0,126,647.0,,1249,,3153,13847.0,42.0,816.0,,-40,,140261.0,,8983.0,,,13920.96,,,,,,,,,-7.0,,,,,
2019-09-30,1556,,,,1306.0,,1116,,545.0,14818,227999,0,,205.0,2433,,1859.0,3600,1119,3202.0,7204.0,7.52122,245767.0,1300.85204,84104.0,,10329.0,235438.0,245767.0,14818.0,,0.0,1300.81301,0.246,,,0,320.0,320.0,464.0,,,,,144.0,,,-159,,,-591.0,-168.0,1225.0,4309.0,194,0.0,,-591,0.0,466.0,320.0,-3598.0,-9.0,0.0,PST.MI,MI,,,5694,,69286,5911,0.0,,,,,,,,1092,,194,,,,5,459.0,,622,,1294,6636.0,,,,-40,,142629.0,,4526.0,,,6811.2,,,,,,,,,,,,,,
2019-06-30,1521,,,,1306.0,,747,18.0,524.0,5823,213403,0,,311.0,2180,,-75.0,15401,1475,3229.0,6922.0,5.8208,231051.0,1300.85204,69014.0,,8114.0,222937.0,231051.0,6950.0,,1.0,1299.82964,0.59074,,,0,763.0,763.0,1099.0,,,,,336.0,,,-165,,,-870.0,-116.0,819.0,-1503.0,193,,,-296,0.0,-167.0,324.0,1805.0,49.0,-574.0,PST.MI,MI,,-6236.0,4374,,9760,5954,52304.0,,,,9465.0,,,,1006,,382,,,18.0,18,1081.0,,1124,,2900,16911.0,7.0,757.0,,-40,,134074.0,,12480.0,,,17280.0,,,,,,,,,-8.0,,,,,
2020-06-30,1728.0,,,,27.0,,199.0,,2124.0,3038.0,329.0,181.0,,,1663.0,,,564.0,192.0,2705.0,2307.0,0.79771,9930.0,263.25308,3261.0,,2334.0,7596.0,9930.0,3038.0,,,261.90476,0.21,,,-1,55.0,56.0,87.0,,,,,31.0,,,-48,136,15,-126.0,-43.0,262.0,80.0,129,-57,-3,0,0.0,90.0,87.0,-34.0,5.0,-69.0,PRY.MI,MI,1507.0,,721,751.0,223.0,31.0,,42.0,742.0,,,4549.0,3614.0,1507.0,2249.0,1509,129,,889,-32,-28,115.0,,341,2398.0,336,774.0,,,30.0,,,,,,,,,,,,,,,,,,,,,,
2020-03-31,1961.0,602.0,,,27.0,,202.0,1612.0,557.0,2892.0,331.0,180.0,,,1071.0,,-345.0,596.0,224.0,2747.0,2688.0,0.76352,10245.0,263.25308,3263.0,,2370.0,7875.0,10245.0,3016.0,,,263.294,0.07841,,,3,23.0,20.0,31.0,,,,,11.0,-3.0,,-52,136,15,-34.0,-45.0,-348.0,-486.0,80,-26,-12,-8,,-439.0,31.0,27.0,7.0,,PRY.MI,MI,1572.0,,631,658.0,247.0,27.0,0.0,40.0,782.0,37.0,,4747.0,3881.0,1658.0,2354.0,1622,80,,965,35,-15,57.0,-11.0,416,2587.0,376,908.0,1.0,,27.0,,,,,,,,,,,,,,,,,,,,,,
2019-12-31,2062.0,500.0,,,27.0,,213.0,1590.0,564.0,2897.0,331.0,187.0,,,1272.0,,-263.0,593.0,212.0,2804.0,2651.0,0.99144,10486.0,263.25308,3244.0,,2415.0,8071.0,10486.0,3032.0,,,263.139,0.255,,,-2,21.0,23.0,67.0,,,,,44.0,,,-125,136,30,-232.0,-133.0,1094.0,869.0,173,-83,-6,-150,2.0,723.0,67.0,39.0,-8.0,-1.0,PRY.MI,MI,1475.0,,346,1108.0,212.0,30.0,0.0,33.0,799.0,17.0,,4955.0,4046.0,1523.0,2274.0,1861,84,,1023,-15,-12,88.0,-9.0,425,2884.0,367,935.0,74.0,1.0,1107.0,,,,,,,,,,,,,,,,,,,,,,
2019-09-30,1976.0,497.0,,,27.0,,216.0,1618.0,577.0,2645.0,328.0,193.0,,,1082.0,,-198.0,619.0,207.0,2749.0,2603.0,0.90038,10412.0,263.22172,3397.0,,2432.0,7980.0,10412.0,2745.0,,,263.306,0.37509,,,0,81.0,81.0,114.0,,,,,33.0,,,-52,88,37,7.0,-45.0,-151.0,-346.0,61,15,7,-8,0.0,-182.0,114.0,2.0,7.0,0.0,PRY.MI,MI,1773.0,,346,378.0,652.0,28.0,0.0,16.0,1026.0,23.0,,4905.0,4207.0,1689.0,2799.0,1740,79,,1046,-11,-19,143.0,-10.0,447,2786.0,363,903.0,25.0,,32.0,,,,,,,,,,,,,,18.0,,,,,,,,
2019-06-30,,500.0,,,,,,1576.0,,,,,,,,,-304.0,,,,,,,,,,,,,,,,264.6189,0.41307,,,-1,102.0,103.0,141.0,,,,,38.0,,,-53,108,25,-173.0,-52.0,298.0,94.0,62,-60,-3,0,,70.0,141.0,-17.0,1.0,-113.0,PRY.MI,MI,,,530,,,,0.0,,,22.0,,,,,,1897,79,,1181,12,-28,175.0,-6.0,531,3078.0,374,1006.0,10.0,,,,,,,,,,,,,,,,18.0,,,,,,,,
2020-06-30,155.585,,83.719,,26.141,,42.041,569.696,1144.505,952.236,31.153,0.259,,,173.926,,-172.307,41.51,92.615,131.528,1405.543,-2.29516,2809.769,205.8486,1154.702,,1241.746,1568.023,2809.769,971.603,,,204.98317,0.42571,,,-0.013,85.735,85.748,108.897,,,,,23.149,,,-8.360000000000001,,,-22.133999999999993,-69.63900000000001,113.93900000000001,10.405000000000001,6.2299999999999995,-0.9380000000000001,,64.53399999999999,21.518,22.166,85.74800000000002,2.4029999999999996,-61.279,-107.24799999999999,REC.MI,MI,285.867,-311.188,218.392,218.392,176.604,,6.495,13.92,56.697,10.301,442.716,840.272,512.61,255.095,342.564,86.243,,,244.714,,-4.167,113.084,-0.02,0.717,330.957,92.657,131.63,1.942,,,-101.35,,,,,,,,,,36.314,,,16.963,-7.8100000000000005,,,,,,,
2020-03-31,156.152,,83.719,,26.141,,41.809,570.518,1157.39,937.442,28.469,0.246,,,247.786,,-166.878,41.941,85.451,130.415,1432.145,-2.35798,2822.687,205.78675,1092.086,,1242.667,1580.02,2822.687,937.442,,,269.20823,0.41872,,,-0.012,111.183,111.195,145.53,,,,,34.335,,,-7.459,,,-45.892,-26.124,87.216,-49.88,6.451,1.439,,-0.172,-44.027,15.2,111.195,-0.127,-18.665,-3.132,REC.MI,MI,336.124,-307.458,196.089,196.089,145.452,,9.192,30.551,63.13099999999997,,437.873,850.444,558.582,224.549,399.255,125.511,,,303.724,,-2.877,148.426,-0.019,0.13,429.235,118.223,155.29800000000003,2.017,,,-132.46,,,,,,,,,,34.928,,,15.978,3.599,,,,,,,
2019-12-31,175.481,,83.719,,26.141,,43.172,577.973,1161.76,937.344,38.566,0.234,,,248.064,,-152.223,42.849,87.939,133.342,1334.42,-2.64031,2808.93,204.95919,1100.553,,1198.577,1610.353,2808.93,937.344,,,209.02872,0.55104,,,-0.009,115.183,115.192,106.624,,,,,-8.568,,,-10.764,,,-109.371,-386.322,73.74200000000002,-69.08999999999999,6.822000000000003,-0.38899999999999996,,-16.329999999999984,2.181000000000001,-421.951,115.19199999999998,3.2570000000000006,-375.55800000000005,-94.833,REC.MI,MI,296.961,-304.374,187.923,187.923,149.817,,13.392,17.632,79.94900000000001,,437.716,809.35,586.754,226.885,376.91,107.832,,,273.598,,-5.007,111.766,-0.135,3.332,381.43,120.4,161.832,,,,-93.48,,,,,,,,,,38.1,,,15.314,2.247,,,,,,,
2019-09-30,148.179,,83.719,,26.141,,45.564,582.226,702.424,1005.638,29.208,0.225,,,162.761,,-142.576,22.772,80.899,131.08,1310.011,-0.5118,2682.092,205.66009,1123.198,,1179.393,1502.699,2682.092,1005.638,,,208.937,0.37997,,,-0.01,79.39,79.4,105.883,,,,,26.483,,,-7.305,,,399.922,-23.447999999999993,133.213,27.316000000000003,6.177,-3.261,,396.76800000000003,6.414999999999999,509.687,79.4,5.217,-16.143,0.0,REC.MI,MI,277.371,-300.162,612.948,612.948,101.094,,16.466,23.538,28.944000000000017,,431.242,1156.255,428.5,213.454,306.315,105.771,,,251.394,,-5.008,110.941,-0.05,1.925,357.165,106.704,140.45299999999997,,,,-97.902,,,,,,,,,,31.824,,,13.181000000000004,1.9220000000000006,,,,,,,
2019-06-30,156.837,,83.719,,26.141,,45.856,579.167,695.643,627.667,27.05,0.215,,,149.806,,-160.569,22.842,81.64,128.314,1232.626,-0.99228,2169.218,205.20609,722.474,,1071.188,1098.03,2169.218,627.667,,,209.05397,0.39297,,,-0.01,82.152,82.162,109.618,,,,,27.456,,,-9.108,,,-98.876,-29.3,54.071,-50.882000000000005,6.300999999999999,2.08,,-17.686000000000007,12.813000000000002,-74.10499999999999,82.162,0.152,-20.192,-96.083,REC.MI,MI,297.253,-293.452,103.493,103.493,78.109,,16.698,18.217,31.398000000000025,,421.766,657.404,401.45,207.043,328.651,106.832,,,253.431,,-6.659,116.549,-0.272,-0.388,360.263,106.665,136.882,,,,-110.729,,,,,,,,,,30.605,,,12.524,3.8139999999999996,,,,,,,
2019-12-31,2262,352,553,,2191.0,,6,,698.0,2670,202,93,,,2033,,,527,367,4713.0,1383.0,3.34654,13009.0,996.25323,3704.0,,4032.0,8977.0,13009.0,3147.0,,,996.22659,0.12525,,,-54,-2.0,52.0,105.0,,,,,53.0,,,-201,30,144,58.0,-365.0,838.0,169.0,317,0,4,58,,535.0,-2.0,354.0,-164.0,0,SPM.MI,MI,3272,,2,2539.0,393,17,164.0,123,555.0,220,,7012.0,5204.0,303,3827,2943,317,,1646,,-83,187.0,1.0,2.0,4589.0,1081,1459.0,59.0,2270,267,-95,,,,,,,,,,,,,,,,,,,,,
2019-06-30,2401,335,553,,2191.0,,30,,699.0,2615,181,38,,,1485,,,535,315,4753.0,1342.0,3.30449,12321.0,996.2211,3506.0,,3991.0,8330.0,12321.0,3023.0,,,1008.71723,0.0403,,,-32,14.0,46.0,123.0,,,,,77.0,,,-135,62,50,-136.0,-151.0,419.0,-112.0,298,-15,-69,-59,,63.0,14.0,219.0,-16.0,-62,SPM.MI,MI,3320,-9397.0,1,1815.0,374,25,109.0,109,568.0,232,13619.0,6348.0,4704.0,304,3888,2852,298,,1670,,-136,262.0,-3.0,1.0,4522.0,1100,1408.0,9.0,1736,78,-95,,,,,,,,,,,,,,,,,,,,,
2020-03-31,144.586,,,,16.879,,5.188,,40.194,0.0,55.78,20.221,,,75.353,,-23.417,37.999,107.188,793.137,726.172,4.01248,1720.091,168.64,719.886,,716.858,1003.233,1720.091,540.148,,,168.69818,-0.23163,,,2.37,-39.076,-41.446,-47.932,,,,,-6.486,,,-5.432,5.713,,-12.906,-5.43,-17.839,-32.296,47.89,0.0,4.58,-12.906,,-31.595,-41.446,8.013,0.002,,SFER.MI,MI,93.651,,190.737,191.416,179.738,,0.0,32.005,19.043000000000006,,,723.792,399.677,387.677,112.694,91.495,,,130.239,,-11.603,-36.329,,0.464,221.734,166.104,166.56799999999998,,,0.679,-2.776,,,,,,,,,,,,,,,,,,,,,
2019-12-31,197.46,7.772,,,16.879,,5.57,,42.484,0.0,56.03,21.618,,,85.707,,-16.501,37.715,99.378,828.26,766.045,4.27635,1843.878,168.64,724.389,,763.647,1080.231,1843.878,559.267,,,168.65616,0.17347,,,1.877,29.207,27.33,38.237,,,,,10.907,,,-19.427999999999997,4.552,11.649999999999999,-25.198000000000008,-19.437999999999995,67.07499999999999,-18.64,48.34699999999998,-0.5439999999999996,1.7610000000000001,-24.65400000000001,0.0,24.2,25.938999999999993,11.429000000000002,-0.009999999999999981,0.0,SFER.MI,MI,147.331,,1.152,222.332,165.122,,0.0,7.04,36.797,14.695,,817.726,456.061,389.531,184.128,235.792,,,436.599,,-16.842,55.784,-0.705,0.21,672.391,380.661,380.81499999999994,-0.056,221.18,,-2.776,,,,,,,,,,,,,,,,,,,,,
2019-09-30,176.007,,,,16.879,,5.687,,40.49,0.0,58.626,23.446,,,90.378,,-16.37,44.713,101.612,841.71,739.477,4.1314,1810.997,168.64,733.556,,737.21,1073.787,1810.997,568.671,,,168.74,0.01121,,,0.501,1.892,1.391,4.077,,,,,2.686,,,-19.53,4.58,3.604000000000001,-23.33499999999998,-19.389000000000003,64.893,0.26200000000000045,47.22400000000002,-0.30400000000000027,-2.217,-21.14399999999999,-1.887,19.952,1.3910000000000053,16.016,0.141,0.0,SFER.MI,MI,110.564,,198.132,198.49,164.885,,0.0,36.444,19.941000000000003,,,768.559,431.27,403.12,130.505,102.225,,,187.269,,-7.242,11.319,,-0.232,289.494,176.182,175.95000000000002,,,0.358,-2.776,,,,,,,,,,,,,,,,,,,,,
2019-06-30,210.916,,,,16.879,,6.04,,41.087,16.313,57.676,23.487,,,72.369,,-19.784,43.198,93.381,833.852,737.696,4.10581,1802.856,168.74,712.944,,733.902,1068.954,1802.856,576.619,,,168.80937,0.34432,,,-1.961,58.074,60.035,78.897,,,,,18.862,,,-15.190000000000001,7.298,6.864,-93.28,-15.171,70.76400000000001,-53.538000000000004,46.370999999999995,-4.0649999999999995,0.09999999999999964,-31.843000000000004,0.0,-37.587,48.989,24.402,0.019000000000000003,-57.372,SFER.MI,MI,154.699,,1.299,178.18,136.325,,0.0,5.127,38.65199999999999,14.87,,776.86,419.61,385.332,193.351,247.975,,,456.895,,-14.284,93.914,-0.733,3.549,704.87,359.459,362.981,-0.027,176.881,,-0.889,,,,,,,,,,,,,,,,,,,,,
2019-12-31,487,44,746,,2736.0,,106,,990.0,10628,1841,,,,1402,,-70,972,386,16439.0,3232.0,1.59912,24043.0,3292.428,14774.0,,6255.0,17788.0,24043.0,10643.0,,,3387.50003,0.15587,,,,509.0,509.0,676.0,,,,,167.0,,,-552,113,220,666.0,-577.0,265.0,-822.0,367,0,,705,-39.0,354.0,509.0,211.0,-25.0,0,SRG.MI,MI,1217,,2851,2851.0,1675,3,2456.0,10,179.0,15,,4384.0,6064.0,112,1396,242.0,367,,1091.0,,-14,696.0,-6.0,22,1333.0,-24.0,395.0,30.0,,,-389,,,,,,,,,,,3,,,,,,,,,,
2019-06-30,338,25,746,,2736.0,,107,,912.0,9799,1796,,,,1403,,-75,1055,374,16300.0,3005.0,1.56021,23013.0,3300.84092,14020.0,,6062.0,16951.0,23013.0,9814.0,,,3385.64353,0.1722,,,,581.0,581.0,789.0,,,,,208.0,,,-402,72,167,-169.0,-427.0,1221.0,117.0,355,3,,574,,625.0,581.0,168.0,-25.0,-746,SRG.MI,MI,947,,2497,2497.0,1281,1,2925.0,20,60.0,9,,3630.0,5972.0,97,1007,186.0,355,,1146.0,,45,756.0,-12.0,20,1332.0,15.0,390.0,,,,-350,,,,,,,,,,,3,,,,,,,,,,
2019-12-31,950,572,2189,,1157.0,,31,144,1191.0,1200,35,68,,,662,,331,1041,823,4219.0,2751.0,6.4514,12686.0,891.43449,2276.0,,7086.0,5600.0,12686.0,1352.0,,-1,901.6081,0.31936,,,0,207.0,207.0,289.0,,,,,82.0,,,-655,10,90,-412.0,-505.0,1355.0,7.0,622,-6,-10,-174,-125,428.0,207.0,518.0,150.0,-107,STM.MI,MI,1380,,1691,2734.0,924,,0.0,33,434.0,,,6274.0,3108.0,1693,1814,3407,,,1900,8,-410,699.0,,-82,5307.0,551,1201.0,113,906,137,-328,,,,,,,,,,611.0,,,,1,,,,,,987.0,
2019-06-29,895,500,2185,,1157.0,,25,145,1263.0,2025,83,134,,,556,,354,959,788,4151.0,2556.0,6.18066,12433.0,896.02116,2418.0,,6946.0,5487.0,12433.0,2183.0,,0,902.31236,0.26302,,,-1,180.0,181.0,221.0,,,,,40.0,,,-880,9,40,26.0,-952.0,842.0,-123.0,599,7,-3,251,-125,-87.0,181.0,196.0,-72.0,-107,STM.MI,MI,1162,,1325,2452.0,235,,0.0,65,431.0,,,6003.0,2186.0,1893,1593,2747,,,1502,8,-115,336.0,,-52,4249.0,548,1166.0,69,794,333,-216,,,,,,,,,,593.0,,,,-11,,,,,,910.0,
2020-03-31,6573,,2094,,,,419,22908,7119.0,25396,6517,1388,,,43,,9406,4971,937,18563.0,9133.0,-0.44638,67995.0,21067.15989,33978.0,,20623.0,47372.0,67995.0,29776.0,,-10,21067.15989,0.02829,,,-31,560.0,591.0,673.0,,,,,82.0,,,-1136,499,37,-1106.0,-1119.0,2370.0,1010.0,1201,-733,-83,-333,,62.0,591.0,-431.0,17.0,-40,TIT.MI,MI,4889,,3265,4250.0,2283,2438,1919.0,,92.0,,,9513.0,10818.0,282,4981,1273,1201,,2691,,140,533.0,,221,3964.0,711,2158.0,25,,985,,,,,,,,,,,,,,,-1,,,,,,,
2019-12-31,4323,535.0,2094,,11677.0,,248,23083,7667.0,23945,112,2346,,,2506,,-1981,7586,7640,19505.0,8561.0,-0.49698,70104.0,21067.15989,32280.0,,20280.0,49824.0,70104.0,28521.0,,19,21067.15989,0.03257,,,-137,365.0,486.0,607.0,,,,,121.0,,,-758,335,46,80.0,-390.0,1424.0,102.0,1169,258,-12,-151,0.0,1102.0,133.0,36.0,368.0,-27,TIT.MI,MI,3286,,483,4137.0,3759,2636,0.0,,974.0,804.0,,9461.0,11123.0,260,4260,3043,2431,,5937,,-681,1288.0,,448,8980.0,1352,4649.0,418,2655.0,999,-90.0,,,,,,,,,,,,,,-16,,,,,,,
2019-09-30,6459,,2094,,,,383,26750,7714.0,25546,2648,2322,,,42,,9568,5506,1019,19688.0,8498.0,-0.67603,69473.0,21067.15989,34539.0,,20222.0,49251.0,69473.0,30262.0,,62,21067.15989,0.01633,,,-52,301.0,353.0,459.0,,,,,106.0,,,-765,423,42,-105.0,-878.0,1387.0,-330.0,1262,-417,-3,313,5.0,401.0,353.0,8.0,-113.0,-6,TIT.MI,MI,4940,,2147,3394.0,2583,2856,1694.0,,165.0,,,8798.0,10778.0,299,5105,1433,1262,,2996,,-366,825.0,,223,4429.0,633,2171.0,53,,1247,,,,,,,,,,,,,,,94,,,,,,,
2019-06-30,3427,670.0,2094,,11677.0,,313,26784,8006.0,23926,115,2385,,,2707,,-1981,7511,3058,19892.0,8198.0,-0.70446,69112.0,21067.15989,32150.0,,19949.0,49163.0,69112.0,28740.0,,51,21067.15989,0.01705,,,-189,550.0,739.0,1131.0,,,,,392.0,,,-949,471,10,-1323.0,-734.0,1654.0,-213.0,1232,-3,-1,-1104,5.0,-404.0,553.0,-187.0,215.0,-221,TIT.MI,MI,3494,,141,2811.0,3410,3004,0.0,,609.0,1023.0,,8253.0,10214.0,316,4103,2990,2496,,6004,,-755,1886.0,,491,8994.0,1469,4118.0,-338,1559.0,1111,-90.0,,,,,,,,,,,,,,269,,,,,,,
2020-03-31,530.219,,609.733,,1180.537,,419.888,,1470.105,175.195,878.443,191.352,,,485.298,,-1058.559,327.611,230.412,6701.948,10490.61,8.26083,14121.444,1180.53683,944.755,,11222.321,2899.123,14121.444,377.183,,,1180.537,-0.21465,,,5.664,-660.068,-665.732,-529.963,,,,,135.769,,,-68.471,,,-110.296,-1100.507,516.078,316.416,134.615,0.001,-19.686,-110.297,,-714.411,-665.732,698.417,-1032.036,,TEN.MI,MI,1183.989,,254.88,1016.109,567.572,152.647,0.0,7.859,244.68100000000004,,,4687.889,1583.089,2235.251,1428.67,1293.665,39.413,,468.646,,-17.015,-512.783,-0.165,4.948,1762.311,311.428,981.4290000000001,625.64,98.962,662.267,,,,,,,,,,,,,,32.362,,,,,,,,
2019-12-31,555.887,,609.733,,1180.537,,336.982,,1561.559,40.88,904.899,197.414,,,405.449,,-957.246,305.982,225.68,6323.143,11155.934,8.83276,14842.991,1180.53683,1052.319,,11988.958,2854.033,14842.991,233.198,,,1180.537,0.12856,,,3.318,151.773,148.455,158.268,,,,,9.813,,,-80.46699999999998,,,-290.381,43.788999999999994,264.27200000000016,34.59300000000002,125.98599999999999,0.0,1.0659999999999998,-136.91099999999997,,18.746000000000095,148.45500000000004,-57.11800000000002,124.25599999999997,-153.46999999999997,TEN.MI,MI,1348.16,,1166.697,1764.675,819.121,157.103,0.0,19.929,271.96299999999997,,,5670.607,1780.457,2265.88,1620.123,1244.186,19.321,,496.362,,7.928,151.767,-1.427,4.313,1740.548,320.961,344.595,,118.314,479.664,,,,,,,,,,,,,,12.356000000000002,,,,,,,,
2019-09-30,551.859,,609.733,,1180.537,,380.809,,1565.891,49.05,899.129,200.939,,,490.389,,-999.95,278.669,217.608,6352.157,11164.946,8.80055,15020.277,1180.53683,1162.346,,11955.266,3065.011,15020.277,250.743,,,1180.537,0.09025,,,6.033,106.548,100.515,208.256,,,,,107.741,,,-86.643,,,55.669000000000004,-70.39399999999999,373.7499999999999,149.42399999999998,122.441,-1.2,-6.513,56.86899999999997,,352.51199999999994,100.51499999999999,-10.813000000000017,16.249000000000024,0.0,TEN.MI,MI,1310.213,,147.784,1859.768,911.603,154.718,0.0,4.697,268.72900000000004,,,5830.774,1953.851,2387.367,1578.942,1248.691,20.393,,515.092,,21.189,187.12,-0.053,-0.538,1763.783,308.117,327.972,,98.775,1613.209,,,,,,,,,,,,,,12.182999999999996,,,,,,,,
2019-06-30,636.72,,609.733,,1180.537,,355.302,,1575.561,49.375,889.846,208.698,,,440.863,,-914.44,278.577,205.806,6403.661,11065.668,8.7807,14983.447,1180.53683,1121.789,,11941.498,3041.949,14983.447,242.432,,,1180.537,0.20456,,,1.787,241.486,239.699,254.641,,,,,14.942,,,-97.37799999999999,,,-154.22,96.734,342.30100000000004,156.052,123.058,-0.672,0.7,177.002,,285.51499999999993,239.699,-188.67,194.112,-330.55,TEN.MI,MI,1481.076,,167.7,1562.681,879.357,156.173,0.0,16.696,259.28999999999996,,,5752.4,1956.94,2432.657,1740.366,1342.819,19.295,,575.146,,20.212,234.488,-0.059,12.877,1917.965,308.486,340.65800000000013,,127.993,1266.988,,,,,,,,,,,,,,12.162,,,,,,,,
2020-06-30,2247.7,100.0,20,,442.2,,,230.1,311.5,8278.7,458.0,41.9,,,347.6,,-205.3,1322.9,189.6,14002.7,3909.6,1.80327,18594.4,2009.9095,10368.3,,4166.0,14428.4,18594.4,8299.2,,,2009.9095,0.17948,,,-2.1,377.5,379.6,534.6,,,,,155.0,,,-439.5,98.8,134.6,411.3,-430.9,191.3,-692.2,298.8,-19.0,,760.3,,171.7,379.6,205.1,8.6,-330.0,TRN.MI,MI,1461.2,-9201.9,915.1,1742.5,1402.5,9.8,666.6,13.4,60.899999999999864,20.2,23204.6,3392.7,4764.4,94.5,1522.1,224.4,302.7,,937.7,,-38.0,573.7,-1.1,-1.1,1162.1,86.0,364.0,-23.6,314.0,513.4,-0.5,,,,,,,,,,,,,,,,,,,,,
2019-12-31,2445.2,98.6,20,,442.2,,,230.1,312.6,9480.5,485.7,41.6,,,326.3,,-151.9,1269.5,115.1,13864.2,3880.0,1.81473,18003.7,2009.992,9632.2,,4190.3,13813.4,18003.7,9480.7,,,2009.992,0.19114,,,-4.8,390.7,395.5,558.7,,,,,163.2,,,-820.9000000000001,118.70000000000002,305.40000000000003,-265.7,-799.1,913.0000000000001,12.799999999999955,295.6,-10.0,,-88.89999999999998,,-151.8,395.5,209.1,21.8,-166.8,TRN.MI,MI,1290.7,-8877.0,647.4,1576.6,126.5,9.8,25.0,0.1,47.399999999999864,10.3,22741.2,2986.2,3021.6,61.1,1338.1,211.1,296.1,,967.8,,-40.1,598.9,-0.1,-22.0,1178.9,104.0,368.9,-9.2,410.0,519.2,,,,,,,,,,,,,,,,,,,,,,
2019-06-30,2523.1,102.5,20,,442.2,,,230.1,277.2,8983.3,323.9,36.8,,,445.0,,-155.9,925.3,104.5,13348.3,3657.5,1.71966,17751.1,2009.992,9754.6,,3963.8,13787.3,17751.1,9005.5,,,2009.992,0.18048,,,-1.8,366.6,368.4,518.7,,,,,150.3,,,-381.3,106.6,-10.6,-127.0,-375.1,382.4,-463.4,282.0,-99.5,,280.9,,-119.7,368.4,195.4,6.2,-308.4,TRN.MI,MI,1582.8,-8668.8,677.4,1711.4,727.1,9.4,22.0,2.4,58.200000000000045,20.1,22017.1,3457.7,3819.7,82.8,1641.0,186.5,288.6,,922.5,,-36.6,557.5,-2.2,0.9,1109.0,80.9,365.0,-5.4,531.8,502.2,,,,,,,,,,,,,,,,,,,,,,
2020-03-31,,,3294.604,6748.8512,2843.177,,220.103,1465.26,266.119,22453.486,293.676,66.529,92222.03,2072.696,80.165,17001.34236,-114.862,5494.219,2964.384,2590.524,6005.524,9.26274,126492.592,1135.03335,26040.547,82346.135,12244.894,114247.698,126492.592,22836.044,3204.503,244.562,1135.03335,0.08356,506.976,155.182,-8.286,93.572,101.858,154.24,271.365,426.547,-796.895,679.77,52.382,,80.429,-38.49,,,397.948,-32.054,-517.3,-802.839,65.873,397.948,,,0.0,-151.406,101.858,117.808,6.436,0.0,UBI.MI,MI,,,,,,,,,,,,,,,,,,,,,,,,,,,,,,,-28.111,,,,,,,,,,,,,,,,,,,,,
2019-12-31,,,3294.604,8826.2216,2843.177,,146.335,1465.26,274.643,22849.776,287.353,58.23,89815.0,2285.379,64.547,17217.49948,-127.549,4802.139,2939.582,2370.247,5707.872,8.81896,126615.985,1135.03335,26526.15,83268.866,11749.718,114866.267,126615.985,23238.766,3287.384,59.725,1135.93421,0.05344,531.243,209.866,-12.951,60.147,73.098,81.911,227.124,436.99,-847.28,702.067,8.813,,94.253,-204.936,,,0.0,-145.605,196.72199999999998,139.927,66.62899999999999,,,,0.0,51.117,73.09799999999998,-82.932,59.331,0.0,UBI.MI,MI,,,,,,,,,,,,,,,,,,,,,,,,,,,,,,,-28.111,,,,,,,,,,,,,,,,,,,,,
2019-09-30,,,3294.604,10951.3341,2843.177,,106.766,1465.26,259.447,23709.862,281.005,46.577,90161.133,2542.348,37.542,18183.68023,-128.297,6731.319,2646.594,2528.242,5652.114,8.78376,130427.072,1134.87842,28026.664,83784.992,11693.212,118733.86,130427.072,23709.862,4316.802,59.725,1134.12887,0.05359,544.532,139.265,-7.239,60.132,67.371,101.782,303.641,442.906,-805.431,603.572,34.411,,101.626,-30.977999999999994,,,0.40399999999999636,-79.60600000000002,106.16500000000002,-83.934,58.06099999999999,,,,0.4039999999999999,26.962999999999994,67.37100000000001,64.667,-48.628,0.0,UBI.MI,MI,,,,,,,,,,,,,,,,,,,,,,,,,,,,,,,-28.111,,,,,,,,,,,,,,,,,,,,,
2019-06-30,,,3294.604,9205.865899999999,2843.177,,105.187,1465.26,255.511,23947.08,266.897,39.344,90812.355,2423.535,34.958,16615.39577,-123.616,4145.995,2745.165,2506.708,5268.82,8.45326,127480.304,1134.87842,27911.905,83928.72,11314.195,116166.109,127480.304,24356.95,3554.955,59.725,1126.22123,0.0439,553.653,262.52,-7.283,48.711,55.994,65.203,196.873,459.393,-735.088,603.418,9.209,,94.26,-78.093,,,-142.08800000000002,-102.56299999999999,254.862,286.23400000000004,56.242000000000004,,,,0.0,10.210999999999999,55.994,-143.608,-24.47,-142.088,UBI.MI,MI,,,,,,,,,,,,,,,,,,,,,,,,,,,,,,,-28.515,,,,,,,,,,,,,,,,,,,,,
2019-12-31,,661.0,13225.0,55729.1,20995.0,,693.0,886,1914.0,105979,4787.0,369,466572.0,7742.0,685,285113.73,2210,77305,14641,11097.0,27717.0,26.24551,855647.0,2233.37208,188390.0,526128.0,61416.0,794231.0,855647.0,105979.0,82411.0,-2728.0,2239.95114,0.23152,7386.0,2302,-31,132.0,152.0,294.0,2787.0,5089.0,-8454.0,5961.0,142.0,-61,2297.0,-1973,,,-269.0,1692.0,-16686.0,-18908.0,1104,0,-10,,0,-15273.0,250.0,868.0,3665.0,-269,UCG.MI,MI,,,,,,,,,,,,,,,,,,,,,,,,,,,,,,,-3.0,,,,,,,,,,,,,,,,,,,,,
2019-06-30,,676.0,13225.0,46289.6,20995.0,,608.0,886,1916.0,103780,5670.0,411,462011.0,9796.0,354,275447.88,608,79160,15039,9176.0,26960.0,25.22374,832183.0,2233.37208,173253.0,518585.0,59136.0,773047.0,832183.0,103780.0,69473.0,-2649.0,2233.72787,0.87418,7407.0,1187,-87,3241.0,2007.0,2727.0,3996.0,5183.0,-7678.0,6409.0,720.0,-63,2224.0,-212,,,-46.0,1123.0,479.0,-2580.0,1063,992,31,,0,1587.0,3241.0,-1245.0,1335.0,-1038,UCG.MI,MI,,,,,,,,,,,,,,,,,,,,,,,,,,,,,,,-3.0,,,,,,,,,,,,,,,,,,,,,
2019-12-31,,38.8,,,3365.3,,83.0,1625.0,387.1,4498.3,61110.3,1617.1,,1753.3,697.3,,4.1,1780.6,700.1,2484.2,2376.8,6.52515,76101.9,716.5201,4498.3,,6687.5,69414.4,76101.9,4498.3,,944.7,716.5,0.5483,,,-70.5,276.0,346.5,426.4,,,,,79.9,0.0,,-123.0,,32.699999999999996,476.90000000000003,-582.9,852.6999999999999,337.3000000000002,,553.0,,-78.7,2.6,746.6999999999999,426.4000000000001,89.0,-459.90000000000003,0,UNI.MI,MI,,,1007.0,,,5477.5,0.0,,,,,,,,,,,-154.3,,,32.7,547.9,0.1,613.2,,460.1,7389.4,-10.5,,,-3.4,1456.2,60699.3,,6326.6,836.0,,6548.639999999999,,,,,,,,101.2,279.8,,,,,
2019-06-30,-0.1,37.4,,,3365.3,,53.1,1581.7,354.2,4236.6,58753.9,1455.4,,1665.9,467.0,,4.0,11200.5,11451.2,1929.6,2117.4,5.80082,82317.8,716.43261,4236.6,,6091.8,76226.0,82317.8,4236.6,,608.8,715.5,0.92031,,,-113.6,626.6,740.2,861.0,,,,,120.8,-0.1,,-94.9,,1.7,-297.6,-501.1,700.4,2593.7,,-169.7,,-1.3,2.4,-98.3,861.0,-2754.3,-406.2,-129,UNI.MI,MI,,,183.5,,,5221.0,0.0,,,,,,,,,,,-47.5,,,441.5,467.0,,354.3,,427.8,7659.0,-10.3,,,-3.7,1070.8,58776.1,,6887.2,828.8,,6914.496,,,,,,,,106.0,94.6,,,,,
2019-12-31,,48.467,1082.204,,57.071,,130.076,2093.428,591.243,819.014,120.81,7.072,,351.13,10.561,,,634.25,66.557,193.102,164.594,-2.17783,5288.293,627.77778,3140.389,,1317.478,3970.815,5288.293,819.014,,13.609,639.896,0.1808,,,-0.895,76.742,71.713,76.435,,,,,4.722,,,-108.66999999999999,,,35.375,-105.774,19.895999999999987,-35.658,85.504,0.0,,38.98799999999994,-3.6129999999999427,-50.503,77.662,-107.612,2.8959999999999866,0,NEXI.MI,MI,,,115.361,115.388,,1689.287,2321.375,,,,,,,,67.348,346.557,85.504,,457.147,0.605,,76.435,,-6.302,803.704,296.477,380.712,4.428,0.027,,,,,,,,,,,,,,,,,,,,,,,
2019-06-30,,,1082.204,,57.071,,130.076,2093.428,591.243,819.014,120.81,7.072,,474.442,1.82,,,691.458,66.557,193.102,164.594,-2.17783,5288.293,627.77778,3140.389,,1317.478,3970.815,5288.293,819.014,,13.609,584.24,-0.05645,,,-0.025,58.424,-35.174,-35.716,,,,,-0.542,,,-58.609,,,-124.249,89.136,160.316,25.168,70.313,-0.841,,-811.218,687.81,125.203,58.424,6.411,147.745,0,NEXI.MI,MI,,,115.388,115.388,,1633.323,2321.375,,,,,,,,,300.514,70.313,,357.285,0.714,,-35.716,,1.964,657.799,318.199,393.001,1.811,,,,,,,,,,,,,,,,,,,,,,,,
2019-12-31,29.84627,34.351,313.89391,,11.32755,,17.0198,,543.21815,277.08909,12.04729,,,,215.64489,,-0.05127,235.70637,18.30876,167.99932,-48.62303,-0.20242,1141.7147,1322.30784,333.59487,,275.55149,866.1632,1141.7147,287.47909,,-0.99566,1031.69914,-0.08461,,,,-50.25946,-50.25946,-46.0063,,,,,4.25316,,,-198.52304,,6.61266,262.92688,-110.81799,-24.87775,-25.57781,98.49587,-38.4413,,6.80671,294.56146,127.23113,-46.0063,-51.7895,87.70505,,JUVE.MI,MI,31.10613,-79.943,136.97586,153.35562,46.11578,95.80961,0.0,1.00799,98.55312999999998,8.49238,247.94177,304.33158,325.95794,11.81633,129.65926,28.20675,93.88891,,230.17174,,-7.12755,-38.10461,-0.77414,6.05287,258.37849,225.30457,268.27635,-56.97,,16.37976,,,,,,,,,,,,,,,,,,,,,,
2019-06-30,35.061,37.065,34.3101,,8.18213,,13.75847,,456.71874,252.26518,16.74995,,,,277.3257,,-0.05775,253.92786,29.37181,156.69672,-10.19611,-0.38882,941.76062,1094.27335,293.37989,,31.24271,910.51791,941.76062,252.26518,,-0.99566,1094.27335,-0.09224,,,,-47.35994,-47.35994,-38.65749,,,,,8.70244,,,-48.07912000000002,,5.4181,104.05401,-14.960260000000005,-55.51841,-33.73034,76.81873999999999,-64.19877,,168.25279,,33.57533,-38.6575,-59.949310000000004,33.11885000000001,,JUVE.MI,MI,33.66039,-72.172,9.74472,21.24896,41.11471,110.41897,0.0,2.08662,95.03460999999999,11.8894,228.86812,171.80444,390.5664,7.88446,128.695,14.43561,76.85488,,178.52376,,-6.17361,-32.36785,-0.11603,4.90256,192.95937,211.55117,210.89161000000001,-82.417,,11.50424,,,,,,,,,,,,,,,,,,,,,,
2019-12-31,,,,,2031.5,,78.0,507.9,385.1,2727.7,64060.7,275.3,,1753.5,867.5,,5.0,1711.8,316.5,2411.5,3701.5,2.11572,73178.9,2828.62883,2727.7,,6877.6,66301.3,73178.9,2727.7,,1141.6,2794.4,0.0944,,,-14.3,263.8,278.1,371.9,,,,,93.8,0.0,,-123.5,,33.6,-79.0,-98.6,104.9,376.29999999999995,,-286.40000000000003,0,80.0,127.39999999999999,-72.70000000000002,371.90000000000003,-643.3000000000002,24.900000000000006,0.0,US.MI,MI,,,747.1,,,1439.2,0.0,,,,,,,,,,,,,,-165.5,537.4,,614.4,,407.7,7348.7,,,,-2.0,1456.2,60641.0,,6326.6,714.8,,6691.392,,,,,,,,101.2,201.1,,,,,
2019-06-30,-0.1,,,,2031.5,,48.6,464.6,351.7,2575.9,61822.8,255.0,,1816.1,657.0,,5.1,1527.8,410.7,1857.2,3362.3,1.87834,69878.3,2780.38648,2575.9,,6038.8,63839.5,69878.3,2575.9,,685.4,2779.6,0.13095,,,-12.8,364.0,376.8,501.3,,,,,124.5,,,-94.4,,0.8,-412.9,-33.6,241.1,1600.4,,-10.4,0,,0.7,-205.4,501.3,-1860.6,60.8,-403.2,US.MI,MI,,,819.9,,,1158.5,0.0,,,,,,,,,,,,,,-26.8,528.1,,395.8,,384.3,7667.3,,,,-45.5,1070.8,58775.3,,6887.2,721.7,,7049.951999999999,,,,,,,,106.0,130.0,,,,,
