,period,accountsReceivableTradeNet,additionalPaidInCapital,cashEquivalents,cashandShortTermInvestments,commonStockTotal,currentPortofLTDebtCapitalLeases,deferredIncomeTax,intangiblesNet,longTermDebt,longTermInvestments,noteReceivableLongTerm,notesPayableShortTermDebt,otherCurrentAssetsTotal,otherCurrentliabilitiesTotal,otherEquityTotal,otherLiabilitiesTotal,otherLongTermAssetsTotal,otherReceivables,payableAccrued,propertyPlantEquipmentTotalNet,retainedEarnings,tangibleBookValueperShare,totalAssets,totalCommonSharesOutstanding,totalCurrentAssets,totalCurrentLiabilities,totalDebt,totalEquity,totalInventory,totalLiabilities,totalLiabilitiesShareholdersEquity,totalLongTermDebt,totalReceivablesNet,unrealizedGainLoss,costofRevenueTotal,depreciationAmortization,dilutedAverageShares,dilutedEPS,grossProfit,interestIncExpNetNonOperatingTotal,netIncome,netIncomeAfterTaxes,netIncomeBeforeTaxes,operatingIncome,otherNonOperatingIncExpNet,provisionforIncomeTaxes,researchDevelopment,revenue,sellingGeneralAdminExpensesTotal,totalOperatingExpense,unusualExpenseIncome,amortization,capitalExpenditures,cashInterestPaid,cashTaxesPaid,cashfromFinancingActivities,cashfromInvestingActivities,cashfromOperatingActivities,changesinWorkingCapital,depreciationDepletion,financingCashFlowItems,foreignExchangeEffects,issuanceRetirementofDebtNet,issuanceRetirementofStockNet,netChangeinCash,netIncomeStartingLine,nonCashItems,otherInvestingCashFlowItemsTotal,totalCashDividendsPaid,ticker,market,cash,minorityInterest_x,totalPreferredSharesOutstanding,treasuryStockCommon,gainLossonSaleofAssets,interestExpIncNetOperatingTotal,minorityInterest_y,otherOperatingExpensesTotal,totalAdjustmentstoNetIncome,accountsPayable,shortTermInvestments,accruedExpenses,accumulatedDepreciationTotal,goodwillNet,prepaidExpenses,propertyPlantEquipmentTotalGross,eSOPDebtGuarantee,preferredStockNonRedeemableNet,otherRevenueTotal,redeemablePreferredStockTotal,insuranceReceivables,otherAssetsTotal,policyLiabilities,amortizationofPolicyAcquisitionCosts,lossesBenefitsandAdjustmentsTotal,netInvestmentIncome,realizedUnrealizedGainsLosses,totalPremiumsEarned,minorityInterest,deferredTaxes,cashDuefromBanks,customerLiabilityAcceptances,netLoans,otherEarningAssetsTotal,totalDeposits,interestIncomeBank,loanLossProvision,netInterestIncAfterLoanLossProv,netInterestIncome,nonInterestExpenseBank,nonInterestIncomeBank,totalInterestExpense,deferredPolicyAcquisitionCosts,cashPayments,cashReceipts,totalUtilityPlantNet,otherBearingLiabilitiesTotal,totalShortTermBorrowings,equityInAffiliates,Unnamed: 0,c,h,l,o,s,t,v,ticker,market
CKN.L,2019-12-31,77.0,,2.3,191.3,7.6,9.9,6.0,238.2,0.1,6.0,2.1,0.0,,9.4,,8.4,24.6,0.09999999999999433,151.3,79.0,369.9,4.58665,619.4,30.37078,269.5,170.6,63.7,377.5,1.1,241.9,619.4,53.8,77.1,,7.1,0.5,30.32794,0.69243,188.1,-0.6,-26.8,-25.7,-19.0,-18.6,0.2,6.7,,195.2,158.5,206.7,47.7,0.7999999999999999,-5.5,1.2999999999999998,3.9999999999999987,-17.3,8.299999999999999,80.1,42.6,6.9,-1.2000000000000002,-4.5,-9.3,0.8,66.6,-19.0,48.8,13.8,-7.6,CKN.L,L,173.4,3.1,,,,,-1.1,,,,15.6,,-8.1,,,61.5,,,,,,,,,,,,,,,,,,,,,,,,,,,,,,,,,,,2070.0,2140.0,2039.3101,2070.0,,1596697200,8272,CKN.L,L
AMGO.L,2020-03-31,,207.9,,64.3,1.2,0.3,,0.1,460.6,,296.5,0.0,0.1,105.7,,11.8,6.6,,0.8,2.6,-41.7,0.35196,760.4,475.33376,454.6,119.5,462.0,167.4,,593.0,760.4,461.7,388.9,,,,475.3,-0.15106,,,-73.1,-73.1,-91.4,-91.4,,-18.3,,76.2,,167.6,2.0,,0.2,15.0,,-50.6,0.2,84.5,201.2,0.09999999999999998,,,-35.9,,34.1,-73.1,-43.7,,-14.700000000000005,AMGO.L,L,64.3,,,,,6.7,,158.9,,0.8,,11.9,,,1.3,,,,,,,,,,,,,,,,,,,,,,,,,,,,,,,,,,,,8.29,8.732000000000001,7.872999999999999,8.7,,1596697200,19656825,AMGO.L,L
WKP.L,2020-03-31,10.0,295.4,,70.3,180.7,9.0,,2.0,617.2,2594.2,,0.0,25.2,46.1,,,19.1,0.0,,4.8,1531.5,11.04301,2735.5,180.74787,115.4,92.1,654.4,1998.0,,737.5,2735.5,645.4,10.0,,19.3,,180.56497,-0.14953,61.9,-11.8,-27.0,-27.0,-26.6,-14.8,,0.4,,81.2,9.2,76.7,0.0,0.3,-2.0,12.1,0.1,-19.8,37.4,41.1,-14.0,0.6000000000000001,0.1,,2.9000000000000004,0.3,58.7,-26.599999999999994,80.80000000000003,39.40000000000001,-23.1,WKP.L,L,70.3,,,-9.6,,67.9,,-0.4,,4.8,,32.2,,,9.9,,,,,,,,,,,,,,,,,,,,,,,,,,,,,,,,,,,,588.0,596.0,581.0,590.0,,1596697200,537038,WKP.L,L
CCR.L,2020-02-29,166.0,171.0,,123.4,3.2,52.1,16.5,126.2,323.8,83.9,25.8,0.0,,7.2,59.3,21.8,20.7,0.0,390.7,223.4,347.0,-0.31404,1441.9,310.47011000000003,435.2,450.0,450.3,555.4,145.8,886.5,1441.9,398.2,166.0,11.5,,,308.863,0.19297,,-8.4,-38.7,-38.8,-42.0,-33.6,,-3.2,,844.4,,878.0,89.5,1.3,-12.2,12.2,6.8,-164.5,-23.7,73.8,47.0,16.0,0.0,7.300000000000002,-141.8,-11.3,-107.1,-38.8,48.3,-11.5,-11.4,CCR.L,L,123.4,0.0,,-36.6,,,0.1,788.5,,,,,,526.7,,,,,,,,,,,,,,,,,,,,,,,,,,,,,,,,,,,,,221.0,225.0,217.0,225.0,,1596697200,909170,CCR.L,L
AGK.L,2019-12-31,600.0,20.0,87.0,93.0,42.0,41.0,36.0,41.0,511.0,9.0,54.0,51.0,1.0,48.0,-124.0,9.0,48.0,61.0,388.0,1166.0,1434.0,4.4548,2511.0,256.1282,1016.0,528.0,671.0,1359.0,216.0,1152.0,2511.0,579.0,661.0,,309.0,,255.5,0.33958,536.0,-21.0,90.0,90.0,139.0,160.0,,49.0,,845.0,381.0,376.0,-5.0,5.0,-135.0,24.0,46.0,-216.0,-123.0,352.0,19.0,152.0,,-4.0,-188.0,-4.0,9.0,90.0,86.0,12.0,-24.0,AGK.L,L,,,,-13.0,,,,,,,6.0,,-2798.0,177.0,45.0,3964.0,,,,,,,,,,,,,,,,,,,,,,,,,,,,,,,,,,,410.0,418.2,386.8,406.0,,1596697200,1275712,AGK.L,L
JET.L,2019-12-31,39.374,1343.918,,49.763000000000005,2.448,15.252,42.966,375.736,222.446,7.026,0.0,15.047,20.167,152.41,16.703,,5.662999999999999,11.369999999999996,,36.372,-230.364,-5.5542300000000004,1658.694,61.20645,136.97299999999998,243.25099999999998,270.07099999999997,1132.705,3.969,525.989,1658.694,239.77200000000002,50.744,,65.252,22.625,61.59019,-1.26704,171.263,,-78.044,-78.044,-65.13600000000001,-65.13600000000001,,12.908,,236.515,140.928,236.399,0.01,,-4.073999999999999,4.775,1.594,9.924999999999956,-4.073999999999955,-15.828000000000005,18.277,22.625,-6.402,0.455,16.298000000000002,0.028999999999996362,-9.522000000000002,-78.044,21.314,0.0,,JET.L,L,49.763000000000005,,,,,8.385,,64.45100000000001,,60.542,,,,1096.924,12.33,,,,,,,,,,,,,,,,,,,,,,,,,,,,,,,,,,,,8720.0,8720.0,8586.0,8606.0,,1596697200,117587,JET.L,L
HRI.L,2020-06-30,,73.738,89.792,89.792,16.692,,,,,1109.5539999999999,,0.0,,1.227,,,,,,,1108.381,17.9552,1200.038,66.76678000000001,90.484,1.227,0.0,1198.8110000000001,,1.227,1200.038,0.0,0.6920000000000001,,5.48,,67.07098,1.24546,84.07,,83.53399999999999,83.53399999999999,83.64299999999999,83.64299999999999,,0.109,,89.55,0.42700000000000005,0.4269999999999996,,,,0.039,0.11800000000000001,-7.611000000000001,,6.392,8.84,,-0.039,2.168,,-7.572,0.9490000000000001,83.64299999999999,-86.09100000000001,,,HRI.L,L,,,,,,,,,,,,,,,,,,,,,,,,,,,,,,,,,,,,,,,,,,,,,,,,,,,1652.0,1675.85,1652.0,1660.0,,1596697200,32069,HRI.L,L
SSPG.L,2020-03-31,179.8,462.0,380.8,380.8,5.8,456.5,13.8,753.2,690.0,13.6,47.7,0.0,,39.1,,43.4,26.5,9.0,498.2,1988.8,-12.6,-0.5582,3434.2,533.85604,604.4,993.8,2315.0,455.2,34.8,2979.0,3434.2,1858.5,188.8,,358.4,204.2,448.92255,-0.08197,856.2,-24.5,-36.1,-32.7,-34.3,-6.7,-3.1,-1.6,,1214.6,500.7,862.9,,4.0,-122.6,10.4,20.1,160.1,-144.7,137.3,-63.1,200.2,-26.1,-5.2,-21.3,207.5,147.5,-32.7,28.9,-22.1,0.0,SSPG.L,L,,69.5,,,,,-3.4,158.0,,,,,,,,,,,,,,,,,,,,,,,,,,,,,,,,,,,,,,,,,,,225.8,232.6,223.4,232.0,,1596697200,1754078,SSPG.L,L
GFTU.L,2019-12-31,388.023,226.608,348.787,348.787,8.516,55.368,47.108999999999995,103.26799999999999,339.26099999999997,12.652999999999999,2.417,0.0,16.281,36.760999999999996,70.15100000000001,37.724000000000004,8.356,0.2969999999999686,511.855,1023.169,1048.319,2.5295099999999997,2878.728,237.8078,1071.02,603.984,882.628,1362.651,317.632,1516.0770000000002,2878.728,827.26,388.32,12.954,,5.954,238.72756,0.29289,,-11.917,72.312,71.30199999999999,84.43799999999999,96.556,-0.201,13.136,,1234.965,,1138.4089999999999,-2.157,5.9540000000000015,-32.019,12.433000000000002,17.555999999999994,-65.737,-49.006,105.95900000000002,-48.163,50.967,,-1.355,-50.552,0.2690000000000001,-10.13900000000001,84.43799999999997,12.763,-16.987000000000002,-15.453999999999995,GFTU.L,L,,,,-3.897,,,,1134.612,,,,,,657.845,,,,,,,,,,,,,,,,,,,,,,,,,,,,,,,,,,,,,659.5,677.5,650.5,655.0,,1596697200,398303,GFTU.L,L
BME.L,2020-03-28,60.588,2474.3179999999998,,428.205,100.05799999999999,360.07300000000004,29.008000000000003,119.696,561.418,5.7,7.517,0.9279999999999999,16.702,184.128,17.315,0.937,22.988000000000003,0.0,419.999,1398.816,-1724.2920000000001,-0.17411,3570.123,1000.5829,1093.495,965.128,2068.652,867.3989999999999,588.0,2702.724,3570.123,1707.651,60.588,,1278.754,,1001.301,0.17375,631.195,-37.055,74.565,188.358,219.843,256.89799999999997,,31.485,,1909.9489999999998,450.76199999999994,374.29699999999997,-16.932000000000002,1.274,-44.455,42.406000000000006,29.305999999999997,-148.41899999999995,106.973,405.5,148.98,106.964,-45.085,1.213,-76.319,,365.267,107.64200000000001,40.64,151.428,-27.015,BME.L,L,428.205,0.0,,,,,0.129,-59.533,,,,,-169.937,921.9110000000001,,1568.753,,,,,,,,,,,,,,,,,,,,,,,,,,,,,,,,,,,479.9,485.60699999999997,470.8,471.0,,1596697200,2340510,BME.L,L
UDG.L,2020-03-31,386.32800000000003,205.162,151.123,151.123,14.749,80.472,39.394,230.61700000000002,174.875,11.104000000000001,5.815,0.0,8.993,18.292,-144.609,94.965,36.592,2.2350000000000136,258.816,267.875,877.454,0.57518,1695.632,250.62564,573.32,357.58,338.86199999999997,945.08,24.641,750.552,1695.632,258.39,388.56300000000005,,491.046,,250.7869,0.22174000000000002,202.544,-5.315,55.245,55.295,62.27,68.524,-0.9390000000000001,6.975,,693.59,117.506,134.02000000000004,-4.056,21.524,-23.141,5.93,17.348,-38.762,-43.181999999999995,97.52600000000001,-2.98,19.459,,0.313,-7.93,0.055,15.895,62.27,-2.747,-20.041,-30.886999999999997,UDG.L,L,,0.223,,-7.676,,-0.9540000000000001,-0.009000000000000001,21.524,,,,,-154.671,570.309,,422.546,,,,,,,,,,,,,,,,,,,,,,,,,,,,,,,,,,,716.0,735.0,709.0,733.5,,1596697200,463402,UDG.L,L
BRW.L,2020-03-31,269.923,58.336999999999996,144.089,144.506,3.032,7.567,6.287000000000001,107.184,,,2.958,0.0,,4.33,0.0,14.484000000000002,23.18,0.6419999999999959,255.34400000000002,51.797,282.809,0.51512,655.0409999999999,303.23269,415.07099999999997,267.241,56.36,318.236,,336.805,655.0409999999999,48.793,270.565,0.001,,5.388,301.094,0.07716,,-0.54,21.486,21.486,28.245,28.93,-0.145,6.7589999999999995,,175.774,98.29,146.844,2.296,5.426,-14.085,1.148,11.862,-47.997,-46.114,9.0,-35.113,4.5889999999999995,-1.083,0.001,-3.339,-8.174,-85.11,28.93,5.167999999999999,-32.029,-35.400999999999996,BRW.L,L,,,,-25.943,,,,40.87,,,0.41700000000000004,,-57.479,54.851000000000006,,109.27600000000001,,,,,,,,,,,,,,,,,,,,,,,,,,,,,,,,,,,258.5,266.0,254.0,264.5,,1596697200,283914,BRW.L,L
BEZ.L,2020-06-30,,3.3,359.7,,42.9,,20.3,123.3,554.9,5890.3,,0.0,,707.1,-96.2,2.8,41.5,,,64.9,1877.6,2.80087,9866.3,608.4894400000001,,,610.6,1827.6,,8038.7,9866.3,610.6,86.9,,,,573.6,-0.02214,,,-12.7,-12.7,-13.8,-13.8,,-1.1,,,121.8,1343.0,,8.2,-14.0,17.6,1.1,204.4,-249.0,129.8,195.3,6.8,-17.6,-4.0,-6.8,279.0,81.2,-13.8,-66.7,-235.0,-50.2,BEZ.L,L,,,,,,18.7,,5.5,,,,,,,,,,,,,1258.6,1649.4,6697.9,327.9,869.1,83.2,,1196.16,,,,,,,,,,,,,,,391.7,,,,,,,,422.8,429.6,419.2,421.2,,1596697200,1308557,BEZ.L,L
BGSC.L,2020-04-30,1.379,212.639,,41.043,15.513,0.0,,,35.0,722.577,,0.0,,,0.0,,,0.0,3.484,,498.36300000000006,1.20262,764.9989999999999,604.10853,42.422,3.484,35.0,726.515,,38.484,764.9989999999999,35.0,1.379,,2.503,,606.97339,-0.21856,-131.878,,-132.661,-132.661,-132.333,-132.333,,0.32799999999999996,,-129.375,,0.4550000000000001,,,,-0.519,,-25.861,51.229000000000006,2.6460000000000004,3.1650000000000014,,-0.046,0.239,-17.768,-4.707000000000002,28.253,,,51.229000000000006,-3.34,BGSC.L,L,41.043,,,,,,,0.455,,,,,,,,,,,,,,,,,,,,,,,,,,,,,,,,,,,,,,,,,,,123.0,123.4,121.6,122.0,,1596697200,408825,BGSC.L,L
INVP.L,2020-03-31,,1981.932,,,0.247,,44.788000000000004,86.3,3173.552,701.311,,,,51.308,,5192.46,324.801,,,356.57300000000004,2617.087,4.25809,50656.316,932.21664,,,4750.898,4326.416,,46329.9,50656.316,3173.552,,,,,953.4191300000001,0.33369,,,1135.163,277.483,310.48,,,32.997,,,,,,,,,214.09400000000002,-603.247,-350.855,467.853,467.853,,-603.247,-435.149,,,-921.398,,,-350.855,,INVP.L,L,,571.216,2.7545900000000003,-272.881,,,-97.29899999999999,,-44.26,,,,,270.625,,,,0.031,,,,1934.4279999999999,,,,,,,,,5062.056299999998,,25045.197999999997,16224.187890000001,35719.23,2698.42,133.30100000000002,719.703,853.0039999999999,-1410.1760000000002,1000.953,1845.4160000000002,,,,,,1577.346,,,148.0,151.45,144.6,147.0,,1596697200,2202748,INVP.L,L
PAGE.L,2019-12-31,341.51599999999996,99.507,,97.83200000000001,3.286,29.139,2.0380000000000003,39.054,,,15.036,0.0,,50.326,19.375,11.613,18.915,23.650999999999954,,152.171,249.88099999999997,0.8683200000000001,701.571,328.60377,476.395,264.06,128.612,324.387,,377.184,701.571,99.473,365.167,,411.52,,320.659,0.1538,421.913,-1.3980000000000001,49.372,49.372,69.661,71.059,,20.289,,833.433,350.85400000000004,350.8540000000001,,,-12.593000000000002,0.7809999999999999,16.197,-79.12,-10.884,114.64,13.737000000000002,27.61,-0.7809999999999999,-8.508000000000001,-17.553000000000004,-6.295,16.128,69.661,3.632,1.709,-54.49099999999999,PAGE.L,L,90.85600000000001,,,,,,,,,6.702000000000001,6.976,177.893,,,13.395999999999999,,-47.662,,,,,,,,,,,,,,,,,,,,,,,,,,,,,,,,,,375.2,383.2,369.0,372.8,,1596697200,446038,PAGE.L,L
WMH.L,2019-12-31,45.0,709.9,459.4,459.4,90.0,240.7,81.3,728.9,693.5,24.9,9.9,0.0,12.5,119.7,2.6,1.6,91.9,0.0,421.8,265.0,-402.6,-0.8957299999999999,2004.5,874.1434,516.9,782.2,1059.9,312.9,,1691.6,2004.5,819.2,45.0,,180.7,9.9,874.2,0.05971,589.3,-25.1,35.1,34.2,25.9,51.0,,-8.3,,770.0,,538.3,9.9,40.39999999999999,-34.3,25.200000000000006,-2.8000000000000003,-49.39999999999999,-32.5,110.2,-17.700000000000006,30.8,-0.2999999999999989,-2.3000000000000003,-25.800000000000008,-0.09999999999999998,25.999999999999996,51.0,5.699999999999988,1.8000000000000114,-23.200000000000006,WMH.L,L,,7.3,,-87.0,,-0.5,0.9,519.0,,,,,-289.1,367.0,,554.1,,,,,,,,,,,,,,,,,,,,,,,,,,,,,,,,,,,131.0,131.0,123.25,124.05,,1596697200,7006978,WMH.L,L
LRE.L,2020-06-30,,,496.5,,121.3,,12.2,154.5,323.7,1771.1,,0.0,,43.6,24.8,18.5,,,,17.7,1366.7,5.6077900000000005,3554.1,241.0217,,,343.3,1506.1,,2048.0,3554.1,343.3,60.9,,,,205.2293,-0.12669,,-11.0,-26.0,-26.0,-23.0,-12.0,,3.0,,,7.0,257.4,,,0.0,8.3,,308.8,-114.0,-15.2,8.6,1.7,-9.5,-3.5,-1.8,340.3,176.1,-23.0,-2.5,-114.0,-20.2,LRE.L,L,,0.1,,-6.7,,,0.0,59.0,,,,,,,,,,,,,459.1,497.5,1630.3,59.0,132.4,16.0,10.6,210.048,,,,,,,,,,,,,,,96.8,,,,,,,,794.0,803.5,785.311,787.0,,1596697200,1492198,LRE.L,L
FGT.L,2020-03-31,10.353,989.154,,13.960999999999999,52.787,0.0,,,36.7,1607.615,,0.0,,,,,,0.0,4.361000000000001,,548.927,7.53443,1631.9289999999999,211.1463,24.314,4.361000000000001,36.7,1590.868,,41.06100000000001,1631.9289999999999,36.7,10.353,,5.48,,205.30715,-1.74367,-357.065,,-357.98699999999997,-357.98699999999997,-357.735,-357.735,,0.252,,-351.585,,0.6699999999999999,,,,0.507,0.25,71.3,-87.639,7.961,-2.261,,,-0.04,,88.59700000000001,-8.418,-357.398,367.62,-87.639,-17.297,FGT.L,L,13.960999999999999,,,,,,,0.67,,,,,,,,,,,,,,,,,,,,,,,,,,,,,,,,,,,,,,,,,,,833.0,838.0,824.0,836.0,,1596697200,431604,FGT.L,L
BGEO.L,2019-12-31,,492.07199999999995,,,1.618,1387.318,,106.29,2581.5570000000002,,,,,37.918,,102.662,36.284,,,475.88300000000004,1647.775,42.4004,18569.497,47.210879999999996,,,5649.866999999999,2141.401,,16428.096,18569.497,2676.173,,,,,47.34169,3.0834900000000003,,,155.82299999999998,156.535,172.05,,,15.515,,,,,,,-343.315,338.00099999999986,25.857,233.435,24.73899999999999,969.529,955.555,,0.0,-10.185,259.858,-26.136,1217.518,,13.974,368.05400000000014,-0.2870000000000061,BGEO.L,L,,9.507,,-0.064,,,-0.7120000000000001,,,5033.884,,52.471000000000004,,33.351,,,,,,,,360.95,,,,,,,,,2198.6734,,11774.021,3301.35802,5541.786999999999,393.481,14.232999999999999,221.94099999999997,236.174,-154.05,104.15899999999999,157.30700000000002,,,,,,1586.376,,,829.0,838.0,807.0,811.0,,1596697200,103155,BGEO.L,L
KGF.L,2020-01-31,65.0,2228.0,22.0,189.0,332.0,349.0,189.0,339.0,93.0,24.0,27.0,0.0,210.0,378.0,69.0,174.0,416.0,177.0,,4904.0,3196.0,1.44408,11312.0,2110.0,3186.0,2833.0,2663.0,5802.0,2485.0,5510.0,11312.0,2314.0,242.0,,3482.0,,2101.0,0.09852000000000001,2034.0,-91.0,-163.0,-163.0,-142.0,-52.0,1.0,21.0,,5516.0,1752.0,2086.0,348.0,,-179.0,105.0,121.0,-336.0,-111.0,318.0,-183.0,275.0,-105.0,-61.0,-161.0,0.0,-190.0,-45.0,271.0,68.0,-70.0,KGF.L,L,167.0,,,-23.0,,-3.0,,-11.0,,1242.0,,864.0,-2553.0,2416.0,60.0,7457.0,,,,,,,,,,,,,,,,,,,,,,,,,,,,,,,,,,,260.2,261.1,257.2,259.4,,1596697200,6461130,KGF.L,L
RAT.L,2020-06-30,1.964,213.11,,2303.875,2.8680000000000003,,,139.681,19.989,756.942,,3071.199,,189.795,,23.619,1.382,474.05800000000005,,61.893,314.77099999999996,4.32554,3931.0609999999997,57.358909999999995,,,3149.68,484.661,,3446.4,3931.0609999999997,78.48100000000001,476.022,,16.465,7.037999999999999,55.92539,0.49546999999999997,179.049,,19.417,19.417,27.281,27.281,,7.864,,195.514,,151.768,11.651,,-18.287,0.586,11.047,-29.476,-62.493,508.463,458.606,14.86,-0.586,,-2.513,-2.061,416.494,27.281,7.716,-44.206,-24.316,RAT.L,L,2303.875,,,-46.088,,,,133.079,,,,83.306,-7.263999999999999,96.87200000000001,,54.316,,,,,,94.39399999999999,,,,,,,,,,,,,,,,,,,,,,,,,,,,,1622.0,1676.27,1600.0,1658.0,,1596697200,23299,RAT.L,L
JUP.L,2020-06-30,150.5,,,449.5,9.2,,0.0,5.5,49.1,,0.5,0.0,8.8,95.1,3.8,72.6,12.2,1.3000000000000114,197.9,49.6,591.6,0.56303,1019.1,457.7,610.1,293.0,49.1,604.4,,414.7,1019.1,49.1,151.8,,20.1,1.0,456.4,0.08845,161.9,-1.7,29.1,29.1,40.8,42.5,,11.7,,182.0,55.6,119.4,15.8,1.0,-1.4,0.9,16.3,15.7,-25.5,43.9,-18.8,3.0,16.6,,46.2,-6.3,34.1,42.5,16.2,-24.1,-40.8,JUP.L,L,204.7,,,-0.2,,4.0,,43.0,,,244.8,,,341.2,,,,,,,,,,,,,,,,,,,,,,,,,,,,,,,,,,,,,219.0,226.96,217.6,224.8,,1596697200,4097550,JUP.L,L
SAGA.L,2020-01-31,209.0,519.3,24.8,97.9,11.2,,4.2,57.1,624.3,49.0,274.2,9.5,,7.7,-20.4,646.4,56.1,0.0,185.9,450.7,73.2,-0.22045,2094.8,1121.8092,,,662.4,588.2,5.4,1506.6,2094.8,652.9,209.0,4.9,214.5,,1119.5,-0.08632999999999999,186.9,,-358.6,-358.6,-353.5,-353.5,,5.1,,401.4,125.7,540.4,399.3,398.6,-31.400000000000034,12.2,9.0,-67.20000000000002,-42.799999999999976,20.900000000000006,-63.2,22.6,-6.6000000000000005,,-46.0,,-89.10000000000002,-353.5,16.400000000000002,-11.4,-14.6,SAGA.L,L,73.1,,,,,15.4,,,,,,,,778.4,,,,,,,,117.0,,,,,,,,,,,,,,,,,,,,,,,,,,,,,15.0,15.96,14.82,15.79,,1596697200,3497473,SAGA.L,L
SPT.L,2019-12-31,143.3,26.6,183.2,183.2,26.8,8.5,,160.3,,0.0,7.2,0.0,0.1,61.8,10.1,23.5,34.0,0.5,84.1,55.5,338.8,0.39561999999999997,604.7,611.7,347.7,154.4,33.0,402.3,20.6,202.4,604.7,24.5,143.8,,74.1,0.4,617.3,0.09849,212.1,0.4,61.4,61.4,70.9,70.5,,9.5,48.0,286.2,93.7,141.6,-0.5,0.9000000000000001,-6.5,1.7,2.8999999999999995,-19.8,-3.9,64.8,-19.5,10.9,-1.7,0.3,-3.6999999999999993,-2.5,41.40000000000001,70.89999999999998,1.6,2.6,-11.900000000000002,SPT.L,L,,,,,,,,,,,,,,,,,,,,,,,,,,,,,,,,,,,,,,,,,,,,,,,,,,,274.0,295.0,266.5,295.0,,1596697200,1478152,SPT.L,L
RSE.L,2019-12-31,0.593,,0.21100000000000002,0.21100000000000002,1246.559,,,,,772.722,,0.0,,,,,,0.0,,,-474.86699999999996,9.658619999999999,773.5260000000001,79.89673,0.804,1.834,0.0,771.692,,1.834,773.5260000000001,0.0,0.593,,,,79.89673,-3.5851900000000003,,-0.005,-286.445,-286.445,-286.445,-286.44,,,,-282.827,2.1630000000000003,3.613,,,,,,0.042,0.0,-2.864,283.56,,,-0.021,,0.042,-2.843,-286.44000000000005,0.015999999999999997,0.0,,RSE.L,L,,,,,,,,1.45,,1.834,,,,,,,,,,,,,,,,,,,,,,,,,,,,,,,,,,,,,,,,,277.5,279.48900000000003,263.5,263.5,,1596697200,10989,RSE.L,L
HMSO.L,2019-12-31,96.3,1266.0,,28.2,191.6,,0.4,,2504.9,6620.3,3.4,0.0,22.3,5.6,88.7,196.9,497.3,0.0,193.5,47.6,2832.9,5.71191,7315.4,766.29361,146.8,199.1,2541.8,4377.0,,2938.4,7315.4,2541.8,96.3,,20.0,3.5,765.3,-0.75225,111.4,-73.2,-781.2,-575.7,-573.8,-499.2,-1.4,1.9,,131.4,67.5,610.6,0.0,,-56.8,44.90000000000001,0.7,-560.0,425.3,100.3,42.6,,0.0,-1.2999999999999998,-477.5,-1.7000000000000002,-35.7,5.899999999999999,51.8,482.1,-80.80000000000003,HMSO.L,L,28.2,0.2,,-2.2,,564.2,0.0,-24.6,,,,,,,,,,,,,,,,,,,,,,,,,,,,,,,,,,,,,,,,,,,47.42,57.74,46.1,57.52,,1596697200,29116252,HMSO.L,L
LMP.L,2020-03-31,5.8,106.3,76.4,76.4,84.2,,,,926.7,2327.7,,0.0,6.5,24.3,,4.7,,0.9000000000000004,,0.4,1241.3,1.7014900000000002,2418.8,841.4980199999999,90.7,42.6,932.6,1431.8,,987.0,2418.8,932.6,6.7,,0.6,,838.6,0.005370000000000001,59.3,-12.6,4.5,3.8,4.0,17.7,-1.1,0.2,,59.9,8.1,41.6,0.0,,-8.8,13.0,0.2,-24.90000000000001,24.0,34.2,-16.8,,-0.20000000000000015,,9.900000000000034,-4.300000000000002,33.300000000000004,3.9999999999999987,47.00000000000001,32.80000000000001,-30.3,LMP.L,L,,7.1,,,,33.5,0.7,,,4.2,,14.1,,,1.1,,,,,,,,,,,,,,,,,,,,,,,,,,,,,,,,,,,,236.4,238.0,233.0,238.0,,1596697200,899875,LMP.L,L
GFS.L,2020-06-30,1401.0,258.0,1329.0,1351.0,388.0,459.0,5.0,127.0,2078.0,35.0,101.0,204.0,87.0,260.0,,540.0,329.0,82.0,1214.0,466.0,-113.0,-0.65352,5512.0,1551.59444,3034.0,2137.0,2950.0,533.0,113.0,4979.0,5512.0,2287.0,1483.0,,2973.0,2.0,1547.0,0.05934,552.0,-47.0,167.0,170.0,217.0,271.0,-7.0,47.0,,3525.0,377.0,281.0,-96.0,13.0,-44.0,71.0,30.0,-101.0,368.0,320.0,76.0,87.0,-78.0,20.0,-20.0,-3.0,607.0,271.0,-127.0,412.0,0.0,GFS.L,L,,10.0,,,,-2.0,-3.0,,,,22.0,,,1420.0,,,,,,,,,,,,,,,,,,,,,,,,,,,,,,,,,,,,,145.4,148.0,143.8,144.85,,1596697200,6016955,GFS.L,L
POLY.L,2019-12-31,48.0,,253.0,253.0,2424.0,217.0,196.0,,1518.0,2.0,10.0,0.0,14.0,61.0,-1302.0,119.0,187.0,149.0,153.0,2841.0,806.0,4.06646,4244.0,470.1882,1188.0,431.0,1764.0,1928.0,644.0,2316.0,4244.0,1547.0,197.0,,666.0,5.0,481.02832,0.74023,634.0,-62.0,328.0,330.0,408.0,473.0,-3.0,78.0,11.0,1300.0,91.0,161.0,31.0,,-247.0,38.0,59.0,-268.0,-247.0,569.0,-105.0,136.0,-5.0,-2.0,-169.0,,52.0,408.0,130.0,0.0,-94.0,POLY.L,L,,23.0,,,,0.0,,23.0,1.0,,,,-1157.0,16.0,80.0,3998.0,,,,,,,,,,,,,,,,,,,,,,,,,,,,,,,,,,,2005.0,2050.0,2002.0,2036.0,,1596697200,2055686,POLY.L,L
VTY.L,2019-12-31,105.374,359.85699999999997,361.962,361.962,74.169,6.309,0.0,4.336,0.0,85.12899999999999,1.09,0.0,,24.928,,122.94,6.438,0.0,352.35900000000004,23.191999999999997,837.94,8.25259,1795.1879999999999,153.60391,1675.003,383.596,22.995,1271.9660000000001,1207.667,523.222,1795.1879999999999,16.686,105.374,,517.4590000000001,,143.57542,0.6242800000000001,140.966,-1.6469999999999998,79.63,79.63,102.277,103.92399999999999,,22.647,,658.425,34.871,37.04200000000003,12.845999999999998,,1.962,1.197,17.159000000000002,127.371,-22.513,154.707,46.714,3.208,,,5.562000000000005,149.376,259.565,79.631,25.154,-24.475,-27.566999999999997,VTY.L,L,,,,,,,,-10.675,,,,,,,,,,,,,,,,,,,,,,,,,,,,,,,,,,,,,,,,,,,613.5,637.41,605.0,637.0,,1596697200,452319,VTY.L,L
BBOX.L,2019-12-31,25.7,446.7,21.2,21.2,17.1,,,2.3,1147.7,3797.3,,0.0,0.2,54.0,1188.1,22.9,1.3,0.0,76.1,13.9,909.3,1.49908,3861.9,1706.97495,47.1,130.1,1147.7,2561.2,,1300.7,3861.9,1147.7,25.7,,,,1723.7343399999997,0.04251,,-18.9,73.6,73.6,73.4,93.3,-1.0,-0.2,,75.1,13.1,-18.2,-0.5,,,16.799999999999994,22.5,-26.300000000000008,-153.90000000000003,25.0,-37.90000000000001,,-17.8,,50.0,-0.09999999999999433,-155.2,73.6,-10.7,-153.90000000000003,-58.4,BBOX.L,L,,,,,,-28.7,,-2.1,,,,,,,,,,,,,,,,,,,,,,,,,,,,,,,,,,,,,,,,,,,158.5,159.7,154.886,156.0,,1596697200,4891207,BBOX.L,L
KAZ.L,2019-12-31,176.0,2883.0,517.0,541.0,177.0,545.0,110.0,5.0,2755.0,,,0.0,,19.0,,101.0,378.0,7.0,360.0,4213.0,-945.0,4.46621,6066.0,472.43687,1470.0,926.0,3300.0,2115.0,553.0,3951.0,6066.0,2755.0,183.0,,591.0,,493.15621,0.70553,623.0,-73.0,344.0,344.0,437.0,513.0,-3.0,93.0,,1214.0,113.0,110.0,5.0,,-462.0,113.0,63.0,24.0,-501.0,276.0,-368.0,127.0,44.0,3.0,-1.0,,-198.0,437.0,80.0,-39.0,-19.0,KAZ.L,L,24.0,59.0,,,,,0.0,-8.0,,,0.0,2.0,,,193.0,,,,,,,,,,,,,,,,,,,,,,,,,,,,,,,,,,,,586.0,594.0,582.8,588.8,,1596697200,634432,KAZ.L,L
EZJ.L,2020-03-31,332.0,659.0,1388.0,1388.0,108.0,264.0,184.0,248.0,1319.0,33.0,,0.0,271.0,1800.0,-386.0,616.0,236.0,43.0,1660.0,5291.0,1711.0,3.72349,8207.0,397.20813,2034.0,3724.0,1855.0,2092.0,,6115.0,8207.0,1591.0,375.0,,1401.0,262.0,393.0,-0.31298000000000004,981.0,-180.0,-324.0,-324.0,-353.0,-173.0,,-29.0,,2382.0,667.0,1154.0,-1.0,8.0,-452.0,25.0,20.0,-117.0,-220.0,287.0,280.0,254.0,0.0,-19.0,-111.0,-6.0,-69.0,-173.0,-82.0,232.0,,EZJ.L,L,,,,,,,,226.0,,,,,-2208.0,365.0,,7499.0,,,,,,,,,,,,,,,,,,,,,,,,,,,,,,,,,,,591.0,593.4,562.639,576.2,,1596697200,3505943,EZJ.L,L
ERM.L,2020-03-31,76.02600000000001,104.63600000000001,76.656,76.656,0.273,8.889,31.726999999999997,217.81599999999997,68.574,9.14,0.0,0.0,14.448,150.32399999999998,139.607,10.363,9.775,0.0,,74.171,341.775,-1.36026,948.672,109.28941,167.13,232.495,142.218,539.794,,408.87800000000004,948.672,133.329,76.02600000000001,-26.815,,12.091,107.671,0.32648,,-1.432,40.358000000000004,40.279,37.406,37.398,1.44,-2.873,,186.27700000000002,,148.879,-8.416,13.277000000000001,-6.147,1.537,10.42,40.272,-29.756,16.585,-37.903,4.372,-1.643,-0.523,65.579,0.33,26.578000000000003,37.398,-0.5589999999999999,-23.609,-23.994,ERM.L,L,,0.9640000000000001,,-19.682000000000002,,,0.079,145.204,,23.57,,49.711999999999996,,470.64,,,,,,,,,,,,,,,,,,,,,,,,,,,,,,,,,,,,,814.0,827.0,804.0,807.0,,1596697200,82344,ERM.L,L
BRSC.L,2020-02-29,3.825,51.98,39.25,39.25,12.498,,,,79.55,812.0160000000001,,0.0,,,,,,0.0,,,703.395,15.7255,855.091,48.82979,43.075,7.667999999999999,79.55,767.873,,87.21799999999999,855.091,79.55,3.825,,3.638,,48.201240000000006,1.01014,49.09,,48.69,48.69,48.715,48.715,,0.025,,52.728,0.389,0.375,,,,1.026,0.0040000000000000036,38.692,,-14.958,-20.673,,-1.2050000000000003,-0.001,30.0,16.025,23.733,48.715,-43.0,,-6.127999999999999,BRSC.L,L,,,,,,,,-0.013999999999999999,,7.667999999999999,,,,,,,,,,,,,,,,,,,,,,,,,,,,,,,,,,,,,,,,,1258.0,1302.0,1248.0,1252.0,,1596697200,49200,BRSC.L,L
3IN.L,2020-03-31,101.0,,413.0,413.0,779.0,,,,,1652.0,99.0,0.0,26.0,8.0,,15.0,7.0,0.0,,,1490.0,2.54534,2298.0,891.43401,540.0,14.0,0.0,2269.0,,29.0,2298.0,0.0,101.0,,32.0,,884.8,0.13223,83.0,,117.0,117.0,117.0,117.0,,0.0,,115.0,,-34.0,,,,2.0,,-16.0,,423.0,425.0,,-6.0,,-192.0,223.0,407.0,,-2.0,,-41.0,3IN.L,L,,,,,,-36.0,,2.0,,6.0,,,,,,,,,,,,,,,,,,,,,,,,,,,,,,,,,,,,,,,,,303.0,303.5,299.0,300.5,,1596697200,542383,3IN.L,L
MNKS.L,2020-04-30,7.566,94.32799999999999,,19.537,11.177999999999999,98.854,,,39.908,2088.827,,0.0,,,,,,0.0,13.544,,1214.421,8.783669999999999,2115.93,223.55386000000001,27.103,112.398,138.762,1963.624,,152.306,2115.93,39.908,7.566,643.697,6.731,,221.09277999999998,0.13365,30.75,,29.55,29.55,29.921,29.921,,0.371,,37.481,0.8290000000000001,0.8289999999999997,,,,2.914,,43.294,-61.202,0.2839999999999989,-4.128,,,2.647,2.563,40.731,-14.977,29.921,-25.509,-61.202,0.0,MNKS.L,L,19.537,,,,,,,,,,,,,,,,,,,,,,,,,,,,,,,,,,,,,,,,,,,,,,,,,,1124.0,1138.0,1114.0,1138.0,,1596697200,256503,MNKS.L,L
BCPT.L,2019-12-31,7.561,,25.894000000000002,25.894000000000002,7.994,,,,308.366,1314.973,20.816,0.0,5.235,0.0,-0.217,2.336,0.0,0.1120000000000001,,,1038.915,1.3094,1374.5910000000001,799.3661099999999,38.802,17.197,308.366,1046.692,,327.899,1374.5910000000001,308.366,7.672999999999999,,3.947,,799.3661099999999,-0.02812,-1.291,,-22.475,-22.475,-21.541,-21.541,,0.934,,2.656,8.576,20.25,0.0,,,5.228999999999999,1.158,-23.980999999999998,2.6610000000000014,17.26,-8.789000000000001,,,,,,-4.060000000000001,-18.195999999999998,44.245,2.6610000000000014,-23.980999999999998,BCPT.L,L,,,,,,10.874,,0.8,,17.197,,,,,,,,,,,,,,,,,,,,,,,,,,,,,,,,,,,,,,,,,65.5,66.7,63.8,63.8,,1596697200,1635036,BCPT.L,L
AML.L,2020-06-30,192.7,851.3,,336.7,16.5,84.2,0.5,1272.6,884.8,0.0,2.0,33.9,36.2,39.6,-16.8,83.8,70.2,4.800000000000012,639.7,484.5,-101.9,-0.287,2628.9,1824.01445,799.6,797.4,1101.6,749.1,229.2,1879.8,2628.9,983.5,197.5,,148.8,,1203.0,-0.15904000000000001,-2.8,-64.1,-200.3,-199.8,-227.4,-159.3,-4.0,-27.6,,146.0,142.7,156.5,13.8,33.8,-161.5,31.3,7.0,597.3,-159.9,-179.4,-82.9,24.7,-52.2,-6.5,5.7,643.8,251.5,-199.8,44.8,1.6,,AML.L,L,323.2,14.6,,,,,-0.5,,,,13.5,,,,,,,,,,,,,,,,,,,,,,,,,,,,,,,,,,,,,,,,64.8,65.2,59.05,60.25,,1596697200,21745786,AML.L,L
BAB.L,2020-03-31,930.8,873.0,1351.4,1351.4,303.4,538.1,115.2,379.5,2050.0,160.8,55.5,0.0,153.9,128.1,-152.3,248.2,530.5,13.600000000000026,1366.3,1589.9,1510.2,-0.03263,7530.7,505.5966,2643.2,2032.5,3122.9,2534.3,193.5,4996.4,7530.7,2584.8,944.4,,2051.2,,505.34205999999995,0.013059999999999999,203.5,-30.4,-324.6,-324.3,-330.7,-294.6,-5.7,-6.4,,2254.7,216.8,498.10000000000036,320.3,48.7,-79.0,50.40000000000001,19.600000000000012,595.7,46.0,260.6,86.0,134.5,-1.2000000000000002,-12.2,633.3,0.0,890.1,-333.6,325.0,125.0,-36.39999999999999,BAB.L,L,,15.7,,,,-39.0,-0.3,,,,,,,2171.3,,,,,,,,,,,,,,,,,,,,,,,,,,,,,,,,,,,,,279.0,295.9,275.58299999999997,281.1,,1596697200,3591470,BAB.L,L
CINE.L,2019-12-31,263.4,516.0,140.6,140.6,20.1,321.6,0.0,515.6,3485.4,310.2,64.6,133.9,11.3,322.8,-229.2,661.1,138.8,0.0,712.1,5480.7,2645.2,-2.23769,12450.5,1371.95029,448.5,1490.4,7816.8,2937.7,33.2,9512.8,12450.5,7361.3,263.4,-14.4,1392.5,369.7,1376.5,0.08115,826.0,-383.7,62.9,62.9,72.6,335.5,120.8,9.7,,2218.5,67.3,490.5,56.5,,-272.1,70.8,68.19999999999999,-602.9,-256.2,704.3000000000002,-67.1,369.69999999999993,-42.39999999999999,-12.7,-40.29999999999996,0.0,-167.5,62.90000000000001,338.8,15.899999999999974,-520.2,CINE.L,L,,,,,,,,-3.0,,,,,,5492.1,,,,,,,,,,,,,,,,,,,,,,,,,,,,,,,,,,,,,35.25,39.0,35.0,39.0,,1596697200,25913018,CINE.L,L
BBY.L,2019-12-31,1019.0,65.0,778.0,778.0,345.0,81.0,108.0,300.0,529.0,764.0,207.0,0.0,0.0,761.0,46.0,396.0,341.0,262.0,,204.0,912.0,0.34783000000000003,4841.0,690.0,2197.0,2353.0,688.0,1368.0,101.0,3473.0,4841.0,607.0,1281.0,,3709.0,3.0,690.0,0.17681,207.0,-16.0,84.0,85.0,75.0,88.0,3.0,-10.0,,3916.0,,119.0,22.0,9.0,-46.0,18.0,0.0,-144.0,85.0,123.0,21.0,29.0,-18.0,-16.0,-82.0,-2.0,48.0,88.0,-24.0,131.0,-42.0,BBY.L,L,,9.0,112.0,,,-36.0,-1.0,130.0,,837.0,,674.0,,828.0,37.0,,,,,,,,,,,,,,,,,,,,,,,,,,,,,,,,,,,,250.4,255.0,249.4,250.8,,1596697200,881548,BBY.L,L
IEM.L,2019-12-31,,62.162,13.818,13.818,22.574,,,,30.08,674.8919999999999,,0.0,,1.185,,0.69,,,,,572.245,3.2183,688.936,204.13925,14.044,1.185,30.08,656.9810000000001,,31.955,688.936,30.08,0.226,,3.049,,193.60793999999999,0.15489,31.221,,29.987,29.987,30.771,30.771,,0.784,,34.27,,0.4500000000000002,,,,0.5519999999999999,,54.226000000000006,-59.646,1.122,0.5499999999999999,,-0.5519999999999999,,0.0,54.778,-4.298,31.323999999999987,-30.75200000000001,-59.646,0.0,IEM.L,L,,,,,,0.013000000000000001,,0.43700000000000006,,,,,,,,,,,,,,,,,,,,,,,,,,,,,,,,,,,,,,,,,,,343.5,350.51,334.0,346.0,,1596697200,375746,IEM.L,L
CAPC.L,2019-12-31,4.3,,,153.1,213.6,1.6,,,546.1,2545.8,197.5,0.0,0.0,35.7,,3.6,57.9,118.6,,5.7,2263.9,2.90004,3099.4,854.2991599999999,292.5,63.0,556.9,2477.5,,621.9,3099.4,555.3,122.9,,8.1,,854.8,0.09725,28.5,-10.2,-166.4,67.9,67.5,71.5,6.2,-0.4,,36.6,15.9,-43.0,6.2,,,10.1,0.4999999999999999,-27.4,126.4,-12.7,-27.1,0.30000000000000004,4.0,,-29.9,0.5,86.3,67.50000000000001,-53.40000000000001,126.4,-2.0,CAPC.L,L,153.1,0.0,,,,-64.2,11.2,-0.9,,0.0,,25.7,,,16.5,,,,,,,,,,,,,,,,,,,,,,,,,,,,,,,,,,,,139.5,144.6,138.1,144.6,,1596697200,1524304,CAPC.L,L
ASHM.L,2019-12-31,89.4,15.6,427.4,695.3,0.1,,8.3,96.9,,32.3,,0.0,1.4,69.2,-16.2,11.8,47.7,0.0,50.8,,811.0,1.0665200000000001,963.0,669.09262,786.1,122.2,0.0,810.5,,152.5,963.0,0.0,89.4,,,,713.32603,0.15827,,7.9,112.9,114.2,132.4,124.5,,18.2,,184.9,52.9,60.4,,,-0.8,1.2,37.9,-139.7,30.2,75.6,-55.6,1.7,-12.6,-15.9,,-41.1,-49.8,123.0,6.5,31.0,-86.0,ASHM.L,L,,10.2,,,,-6.3,-1.3,13.8,,,267.9,2.2,,,,,,,,,,,,,,,,,,,,,,,,,,,,,,,,,,,,,,,409.2,417.2,403.0,405.6,,1596697200,891339,ASHM.L,L
CLI.L,2019-12-31,25.3,83.1,259.4,259.4,11.0,132.3,140.8,,759.4,1961.0,,0.0,10.7,11.9,39.8,4.1,4.7,0.0,54.7,43.1,1068.5,2.9479900000000003,2305.6,407.39576,295.4,198.9,891.7,1202.4,,1103.2,2305.6,759.4,25.3,,13.9,,407.39576,0.16372,56.8,-11.5,68.0,66.7,74.4,85.6,0.3,7.7,,70.7,10.0,-28.8,0.0,,0.5,12.4,6.5,-52.99999999999999,180.6,27.5,-11.999999999999998,0.4,-2.2,-3.3,-41.19999999999999,,151.79999999999995,85.60000000000002,-46.49999999999999,180.10000000000005,-9.599999999999998,CLI.L,L,,0.0,,,,-46.2,0.0,7.4,,,,,-4.6,1.4,,47.7,,,,,,,,,,,,,,,,,,,,,,,,,,,,,,,,,,,191.6,195.2,190.2,194.0,,1596697200,606344,CLI.L,L
FCSS.L,2020-03-31,1.037,211.56900000000002,38.523,78.018,5.712999999999999,,,,80.29899999999999,1289.807,,0.0,39.152,54.315,,,,0.3700000000000001,,,1055.765,2.36271,1408.384,538.80904,118.57700000000001,55.038000000000004,80.29899999999999,1273.047,,135.33700000000002,1408.384,80.29899999999999,1.4069999999999998,,10.504000000000001,,546.87533,-7e-05,0.976,,-0.037000000000000005,-0.037000000000000005,-0.038,-0.038,,-0.001,,11.48,,1.0140000000000011,,,,,,-68.05000000000001,,79.91,79.91,,-5.955,-2.5610000000000004,-38.353,-23.307,9.299,,,,-0.4350000000000023,FCSS.L,L,,,,,,0.435,,0.579,,,39.495,0.723,,,,,,,,,,,,,,,,,,,,,,,,,,,,,,,,,,,,,,,311.0,318.0,310.5,318.0,,1596697200,339872,FCSS.L,L
SXS.L,2019-12-31,335.7,231.4,213.1,213.1,6.0,95.8,12.8,178.5,98.9,0.0,0.0,0.0,20.4,48.2,97.2,54.4,9.0,4.100000000000024,296.8,369.0,986.9,4.27694,1973.8,116.01763000000001,770.5,440.8,240.1,1321.5,197.2,652.3,1973.8,144.3,339.8,,375.8,,116.5,0.9356200000000001,497.1,-3.7,282.5,282.5,309.4,335.1,-22.0,26.9,53.5,872.9,313.2,161.99999999999994,-204.7,71.0,-43.49999999999999,5.5,19.2,-220.5,215.5,161.5,-24.1,27.200000000000006,-7.699999999999998,-4.4,-187.8,0.4,152.10000000000005,282.5,-195.1,259.0,-25.4,SXS.L,L,,,,,,,,,,,,,,646.8,,,,,,,,,,,,,,,,,,,,,,,,,,,,,,,,,,,,,2551.0,2594.0,2535.0,2550.0,,1596697200,168064,SXS.L,L
PLUS.L,2019-12-31,,22.2,292.9,292.9,0.3,1.6,,,,,1.2,0.0,,6.8,,0.0,,,,8.1,318.6,2.60569,316.9,109.0307,307.6,28.7,5.7,284.1,,32.8,316.9,4.1,6.9,,15.9,,111.47453,0.8979600000000001,190.6,-0.2,100.1,100.1,125.4,125.6,,25.3,,206.5,65.0,65.0,,,0.0,,19.6,-143.2,0.0,108.7,-18.8,1.1,,0.09999999999999998,-0.9,-41.2,-34.4,100.1,26.3,0.0,-101.1,PLUS.L,L,,,,-57.0,,,,,,10.2,,10.1,-3.0,,7.8,11.1,,,,,,,,,,,,,,,,,,,,,,,,,,,,,,,,,,,1226.0,1256.0,1214.83,1224.5,,1596697200,342898,PLUS.L,L
NEX.L,2019-12-31,496.8,532.7,478.3,478.3,25.6,652.8,56.4,1901.8,1104.9,32.1,13.2,0.0,44.5,107.6,,321.2,61.0,3.0,1052.9,1348.2,522.1,-1.61684,4408.3,511.73865,1052.0,1813.3,1757.7,1074.4,29.4,3333.9,4408.3,1104.9,499.8,,1280.7,,514.81447,0.16335999999999998,129.2,-27.5,74.3,79.1,98.6,129.2,-3.1,19.5,,1409.9,,0.0,,30.500000000000004,-47.7,37.7,20.3,189.7,-85.80000000000003,188.8,-68.1,104.6,21.8,-4.9,197.1,-2.8000000000000003,287.8,98.6,23.2,-38.1,-26.4,NEX.L,L,,38.1,,-6.0,,,-4.8,,,,,,,,,,,,,,,,,,,,,,,,,,,,,,,,,,,,,,,,,,,,155.2,163.793,151.3,162.4,,1596697200,1116782,NEX.L,L
TBCG.L,2020-03-31,,848.459,,,1.682,,0.005,181.283,2171.251,2.792,,,,0.465,-3.6830000000000003,242.827,19.028,,,451.86,1698.106,42.090090000000004,20030.573,55.1559,,,2237.764,2564.908,,17465.665,20030.573,2237.764,,54.795,,,55.1559,-0.68093,,,-57.475,-57.006,-93.954,,,-36.948,,,,,,,-44.151,143.355,,-43.188,-70.208,162.71,163.43200000000002,,,74.345,-43.188,,123.65899999999999,,-0.722,-26.057,0.0,TBCG.L,L,,8.269,,-34.451,,,-0.469,,,,,,,62.108000000000004,,,,,,,,271.13,,,,,,,,,2119.2689,,13669.843,2980.78267,14976.335,403.336,247.737,-39.778,207.959,-183.36,129.184,195.377,,,,,,,,,819.0,831.0,800.0,813.0,,1596697200,32598,TBCG.L,L
TEM.L,2020-03-31,10.735999999999999,,,87.83,65.812,,,,100.0,1780.253,,0.0,,,,,,0.0,3.1689999999999996,,1709.838,7.32275,1878.819,242.48414,98.566,3.1689999999999996,100.0,1775.65,,103.169,1878.819,100.0,10.735999999999999,,11.132,,242.31784,-1.45565,-350.31199999999995,,-352.73,-352.73,-351.327,-351.327,,1.403,,-339.18,,1.0150000000000006,,,,1.1209999999999998,2.497,-61.042,41.793000000000006,6.7920000000000025,70.322,,-1.1209999999999998,,-17.002,-24.395000000000003,-12.457,-349.875,286.345,41.793000000000006,-18.524,TEM.L,L,87.83,,,,,,,1.015,,,,0.0,,,,,,,,,,,,,,,,,,,,,,,,,,,,,,,,,,,,,,,819.0,823.352,814.08,823.0,,1596697200,183869,TEM.L,L
FSV.L,2020-02-29,3.036,140.12,,16.344,14.380999999999998,,,,,597.554,,0.0,76.737,23.476,,,,0.0,,,515.694,2.33002,693.671,287.63448,96.117,23.476,0.0,670.195,,23.476,693.671,0.0,3.036,,3.5639999999999996,,281.88903999999997,-0.15887,-44.236000000000004,,-44.785,-44.785,-44.618,-44.618,,0.16699999999999998,,-40.672,,0.3820000000000001,,,,,0.256,16.695999999999998,6.994,8.677999999999999,7.27,,0.0,-2.6660000000000004,,31.18,29.701999999999998,,1.4080000000000001,6.994,-14.484000000000002,FSV.L,L,16.344,,,,,,,0.382,,,,,,,,,,,,,,,,,,,,,,,,,,,,,,,,,,,,,,,,,,,178.6,181.2,177.4,181.2,,1596697200,483664,FSV.L,L
EQN.L,2019-12-31,89.1,115.9,72.6,72.6,0.4,8.0,,293.8,369.1,,,0.0,0.0,71.0,,37.6,31.2,27.700000000000006,,55.3,394.1,-0.85945,1108.5,364.53667,198.3,148.7,410.2,510.4,,598.1,1108.5,402.2,116.8,,54.5,39.3,368.2,0.06056,226.1,-7.0,22.3,23.1,28.2,35.8,-0.6,5.1,,280.6,143.4,190.3,,32.7,-22.8,6.199999999999998,3.1,-21.8,-26.8,63.1,-12.4,6.6000000000000005,0.0,-0.09999999999999998,-14.9,0.2,14.400000000000002,28.2,8.0,-4.0,-7.1,EQN.L,L,,9.6,,,,,-0.8,7.6,,22.7,,47.0,,529.9,8.9,,,,,,,,,,,,,,,,,,,,,,,,,,,,,,,,,,,,125.0,125.8,120.4,123.8,,1596697200,208734,EQN.L,L
GNC.L,2020-03-27,171.3,0.4,34.5,34.5,4.5,14.3,6.4,480.9,345.6,7.1,,0.0,,15.4,,113.2,88.3,0.5,335.5,390.3,331.7,-0.32344,1220.9,446.14615,254.3,365.2,408.9,336.6,48.0,884.3,1220.9,394.6,171.8,,475.7,2.7,445.056,0.05325,237.0,-7.3,23.3,24.2,27.3,35.6,-1.0,3.1,,712.7,,201.40000000000003,0.0,5.3,-21.1,7.5,4.2,-6.9,-20.8,20.8,-33.5,22.9,-2.4,-0.2,11.9,0.3,-7.1,27.3,-1.2,0.3,-16.7,GNC.L,L,,4.9,,,,,-0.9,198.7,,,,,,,,,,,,,,,,,,,,,,,,,,,,,,,,,,,,,,,,,,,125.5,130.4,123.9,129.9,,1596697200,1157152,GNC.L,L
PNL.L,2020-04-30,3.325,811.635,57.178999999999995,57.178999999999995,34.58,0.079,,,,1100.973,,,,,,,,0.0,,1.699,332.37300000000005,426.35549000000003,1163.1760000000002,2.7230000000000003,60.504,2.21,0.079,1160.9660000000001,,2.21,1163.1760000000002,,3.325,,,,2.71283,13.065339999999999,,,35.444,35.444,36.117,36.117,,0.6729999999999999,,41.055,,4.938,,,-1.699,,1.005,21.899,-2.9429999999999983,3.165,-3.633,,,-0.462,,140.515,21.659000000000002,66.416,-59.618,-1.2439999999999998,-14.639000000000001,PNL.L,L,,,,-17.622,,,,4.938,,2.131,,,,,,,,,,,,,,,,,,,,,,,,,,,,,,,,,,,,,,,,,45100.0,45405.0,45050.0,45300.0,,1596697200,4920,PNL.L,L
GLO.L,2019-12-31,362.8,380.8,558.5,558.5,8.9,302.9,299.4,352.6,3787.6,472.4,,0.0,24.2,237.8,,363.0,67.0,0.0,,359.3,-4.9,0.048010000000000004,5876.9,670.71292,1175.1,876.8,4090.5,384.8,229.6,5492.1,5876.9,3787.6,362.8,,527.0,,639.8,0.03447,,-101.2,13.6,17.1,36.2,149.5,-12.1,19.1,,582.8,14.9,36.29999999999996,17.9,,-61.2,88.39999999999998,26.7,336.5,-855.4,330.99999999999994,-2.400000000000002,150.8,-171.39999999999995,2.5,557.4,,-185.4,17.1,165.5,-794.1999999999998,-49.5,GLO.L,L,,165.3,,,,,-3.5,3.5,,336.1,,,-140.2,,,499.6,,,130.0,,,,,,,,,,,,,,,,,,,,,,,,,,,3450.5,,,,,202.0,205.27599999999998,199.725,204.0,,1596697200,188102,GLO.L,L
HOC.L,2019-12-31,73.618,438.041,128.126,166.357,226.50599999999997,0.23399999999999999,63.103,22.359,199.308,6.159,5.188,0.0,38.295,62.405,-14.035,100.02,1.6269999999999998,0.20600000000000307,,976.8389999999999,82.48,1.3829200000000001,1353.2479999999998,513.87556,341.07599999999996,183.176,199.542,733.01,62.6,620.238,1353.2479999999998,199.308,73.824,0.018000000000000002,259.88,1.107,559.03333,0.08927,141.346,-4.256,15.059000000000001,24.778000000000002,47.324,52.955,-1.375,22.546,19.413,401.226,32.383,88.39100000000002,26.913,0.948,-131.27100000000002,3.3569999999999998,-1.3750000000000002,23.007,-133.332,182.759,-1.0779999999999994,94.568,-9.550999999999998,-1.52,42.769,0.0,70.914,24.778000000000002,63.543000000000006,-2.061,-10.211,HOC.L,L,38.231,74.631,,,,,-9.719,8.575,,120.537,,,,,,,,,,,,,,,,,,,,,,,,,,,,,,,,,,,,,,,,,312.0,326.8,309.2,320.0,,1596697200,3299614,HOC.L,L
HAS.L,2019-12-31,910.0,369.6,103.2,103.2,14.7,40.6,10.0,42.6,90.0,,,0.0,0.0,16.2,57.3,7.1,52.0,0.0,601.7,250.4,184.0,0.24714,1578.6,1467.19182,1013.2,658.5,318.0,625.6,,953.0,1578.6,277.4,910.0,,,,1479.1,0.04557,,-3.4,67.4,67.4,95.6,100.1,-1.1,28.2,,3104.7,,3004.6,0.0,3.1,-15.1,1.0,31.9,-56.1,-14.7,49.3,-85.9,29.0,-1.0,-5.0,65.9,0.6,-26.5,100.1,3.0,0.4,-121.6,HAS.L,L,,,,,,,,3004.6,,,,,,220.4,,,,,,,,,,,,,,,,,,,,,,,,,,,,,,,,,,,,,116.5,120.0,114.9,120.0,,1596697200,1493567,HAS.L,L
FCIT.L,2020-06-30,14.614,,26.084,43.783,140.455,0.0,,,368.2,4385.856,,0.0,,2.588,,,,0.0,,,3923.259,7.4993,4444.253,541.87942,58.397,12.339,368.2,4063.7140000000004,,380.539,4444.253,368.2,14.614,,14.698,,542.4065,-0.01725,-5.252999999999999,,-9.359,-9.359,-5.252999999999999,-5.252999999999999,,4.106,,9.445,,0.0,,,,4.849,7.138999999999999,-108.40700000000001,108.226,17.153,31.701,,,-1.385,-75.0,-1.946,15.587,-5.252999999999999,-9.295,108.226,-31.461,FCIT.L,L,17.699,,,,,,,,,8.454,,1.297,,,,,,,,,,,,,,,,,,,,,,,,,,,,,,,,,,,,,,,684.0,689.0,678.0,689.0,,1596697200,279660,FCIT.L,L
INDV.L,2020-06-30,178.0,6.0,908.0,908.0,73.0,10.0,,63.0,232.0,,108.0,0.0,,194.0,-36.0,535.0,107.0,2.0,,95.0,15.0,-0.00683,1551.0,732.4361700000001,1178.0,684.0,284.0,58.0,90.0,1493.0,1551.0,274.0,180.0,,19.0,4.0,900.0,0.01889,131.0,-5.0,18.0,18.0,20.0,25.0,,2.0,8.0,150.0,95.0,106.0,-1.0,,0.0,4.0,9.0,-2.0,0.0,-2.0,-31.0,5.0,,,-2.0,0.0,-4.0,24.0,0.0,,,INDV.L,L,,,,,,,,,,23.0,,457.0,,,,,,,,,,,,,,,,,,,,,,,,,,,,,,,,,,,,,,,120.6,123.1,118.3,120.7,,1596697200,1712934,INDV.L,L
BYG.L,2020-03-31,4.399,112.32,51.418,51.418,16.714000000000002,4.479,,1.433,397.00699999999995,1532.6789999999999,0.66,0.0,,10.734000000000002,,0.327,0.0,1.3239999999999998,,21.837,1035.861,6.954969999999999,1616.3210000000001,167.13853,59.711999999999996,37.925,418.67199999999997,1163.876,0.41200000000000003,452.445,1616.3210000000001,414.19300000000004,5.723,,19.823,,166.02562,-0.01731,45.22,-4.966,-2.8739999999999997,-2.8739999999999997,-2.373,2.565,0.027999999999999997,0.501,,65.043,4.9639999999999995,42.655,,,-14.241999999999996,5.276000000000002,0.28300000000000003,21.889,-13.605000000000004,37.58599999999999,-4.668,0.9009999999999999,-0.919,,51.208999999999996,-0.014000000000000012,45.87,2.5649999999999977,38.788000000000004,0.6370000000000005,-28.387000000000004,BYG.L,L,,,,-1.0190000000000001,,37.691,,,,4.748,,17.964000000000002,-0.9079999999999999,,2.1590000000000003,22.745,,,,,,,,,,,,,,,,,,,,,,,,,,,,,,,,,,,999.5,1016.52,994.5,1016.0,,1596697200,206964,BYG.L,L
FIN.L,2019-06-30,289.92900000000003,62.693999999999996,,1954.545,893.1030000000001,338.56699999999995,37.71,414.841,786.868,53.928000000000004,22.666999999999998,0.0,9.986,538.62,-134.02200000000002,407.08099999999996,501.93699999999995,153.41200000000003,,632.815,-61.977,0.01913,4395.682,700.0,2437.927,2353.647,1125.435,759.798,,3635.884,4395.682,786.868,443.341,,,121.971,634.74708,-0.023880000000000002,,-69.309,-32.549,-30.087,-23.389,45.92,,6.6979999999999995,,732.192,537.5419999999999,686.2719999999999,26.759,,-43.955,,6.239,133.012,-24.910999999999998,617.276,436.51199999999994,121.971,78.028,-2.907,-119.336,174.32,722.47,-23.389,82.182,19.044,,FIN.L,L,1920.785,50.578,,,,,-2.4619999999999997,,,1012.169,33.76,464.291,-208.233,331.56699999999995,30.055,841.048,,,,,,,,,,,,,,,,,,,,,,,,,,,,,,,,,,,11.025,11.025,11.025,11.025,,1596697200,0,FIN.L,L
SCT.L,2020-01-31,266.422,4.979,,49.433,0.099,2.338,,0.701,,,,0.0,7.107,10.405,,,2.759,8.421999999999969,188.322,12.73,93.139,0.49104,368.356,198.59148000000002,352.166,264.885,7.5920000000000005,98.21700000000001,16.381,270.139,368.356,5.254,274.844,,412.476,,199.048,0.16597,111.67200000000001,0.045,33.036,33.036,40.523,40.478,,7.487,,524.148,71.194,71.19400000000002,,0.069,-2.0140000000000002,0.109,17.47,-52.931999999999995,-1.86,24.962,-17.836,1.5390000000000001,-0.109,,-0.485,0.0,-29.83,40.478,0.7120000000000001,0.154,-52.338,SCT.L,L,49.433,,,,,,,,,,,63.82,-0.879,,4.401,7.024,,,,,,,,,,,,,,,,,,,,,,,,,,,,,,,,,,,1366.0,1378.0,1307.0,1307.0,,1596697200,355890,SCT.L,L
EMG.L,2019-12-31,426.0,0.0,34.0,220.0,53.0,,28.0,244.0,0.0,776.0,,0.0,,14.0,55.0,221.0,197.0,0.0,559.0,249.0,1634.0,0.4968,2753.0,1487.53508,,,307.0,1624.0,,1129.0,2753.0,307.0,426.0,,,42.0,1546.3,0.12803,,-7.0,195.0,195.0,197.0,210.0,-6.0,2.0,,586.0,363.0,376.0,3.0,44.0,-12.0,13.0,33.0,-291.0,-80.0,433.0,214.0,18.0,-11.0,1.0,-161.0,-47.0,63.0,195.0,-38.0,-68.0,-72.0,EMG.L,L,186.0,,,-118.0,,-25.0,,-7.0,,,,,,641.0,,,,,,,,,,,,,,,,,,,,,,,,,,,,,,,,,,,,,130.0,130.55,127.6,128.85,,1596697200,8001823,EMG.L,L
GPOR.L,2020-03-31,9.6,46.0,94.9,94.9,38.7,,0.0,,444.3,2634.3,,0.0,0.0,60.0,,0.4,,6.0,,7.5,2119.0,8.678139999999999,2753.3,253.86791000000002,111.5,60.0,489.8,2203.1,,550.2,2753.3,489.8,15.6,,10.2,,253.8,0.03034,37.8,0.3,7.7,7.7,7.2,6.9,,-0.5,,48.0,15.3,30.9,,,-0.1,5.4,0.0,52.7,12.900000000000004,16.900000000000002,-7.499999999999999,,,,107.70000000000002,-41.89999999999999,82.5,6.899999999999999,18.2,13.0,-13.099999999999998,GPOR.L,L,,,,-0.6,,15.5,,0.1,,,,,-4.2,,1.0,11.7,,,,,,,,,,,,,,,,,,,,,,,,,,,,,,,,,,,607.6,613.2,601.0,601.8,,1596697200,486512,GPOR.L,L
AJB.L,2020-03-31,37.172,8.383,,60.816,0.051,1.416,,2.189,,,,0.0,,1.127,,1.55,0.551,0.0,10.177999999999999,18.808,85.964,0.21389,123.196,408.63402,97.988,12.720999999999998,17.09,93.251,,29.945,123.196,15.674000000000001,37.172,,,0.73,409.6086,0.0436,,-0.214,17.857,17.857,22.651,22.865,,4.794,,60.876000000000005,37.281,38.010999999999996,,,-0.561,0.433,6.72,-13.841,-0.341,5.931,-21.094,1.807,,,-0.956,0.716,-8.251,17.857,7.361000000000001,0.22,-13.600999999999999,AJB.L,L,60.816,,,-1.147,,,,,,,,,,3.66,,,,,,,,,,,,,,,,,,,,,,,,,,,,,,,,,,,,,433.5,446.0,429.5,434.5,,1596697200,690952,AJB.L,L
CNA.L,2019-12-31,4839.0,2330.0,1342.0,1466.0,360.0,226.0,151.0,1455.0,4149.0,1437.0,154.0,548.0,1444.0,2495.0,-609.0,2837.0,1102.0,115.0,5533.0,3133.0,-869.0,-0.48476,18154.0,5819.35524,8295.0,8885.0,5260.0,1212.0,431.0,16942.0,18154.0,4486.0,4954.0,,11092.0,,5814.0,0.08067,1925.0,-131.0,-473.0,-582.0,-535.0,-403.0,-1.0,47.0,,13017.0,,2328.0,904.0,,-429.0,159.0,13.0,-507.0,-403.0,1073.0,56.0,1524.0,-159.0,-8.0,-260.0,0.0,155.0,-403.0,-104.0,26.0,-88.0,CNA.L,L,,583.0,,,,82.0,109.0,1342.0,,,124.0,83.0,,2578.0,,,,,,,,,,,,,,,,,,,,,,,,,,,,,,,,,,,,,47.17,48.72,46.4,47.6,,1596697200,32766427,CNA.L,L
VSVS.L,2020-06-30,361.8,,,500.9,27.8,369.8,46.3,732.3,326.5,13.7,23.3,9.0,0.0,29.1,,168.5,211.4,1.6999999999999886,265.9,348.2,1094.2,1.43687,2415.7,271.2139,1086.8,673.8,729.9,1122.0,222.4,1293.7,2415.7,351.1,363.5,,534.7,5.0,271.4,0.11606,185.3,-5.2,22.6,24.9,34.6,39.8,0.0,9.7,,720.0,134.2,145.5,6.3,5.0,-19.4,8.2,11.5,219.0,-18.0,62.0,-14.5,25.4,1.3,6.8,217.7,0.0,269.8,39.8,6.3,1.4,0.0,VSVS.L,L,500.9,54.0,,,,,-2.3,,,,,,,,,,,,,,,,,,,,,,,,,,,,,,,,,,,,,,,,,,,,408.4,423.66900000000004,407.2,421.8,,1596697200,160230,VSVS.L,L
FGP.L,2020-03-31,898.9,688.6,869.3,869.3,61.0,694.3,38.8,51.9,1671.9,32.9,,0.0,5.8,908.1,607.3,804.8,102.6,191.19999999999996,,4374.5,-136.9,-0.4173,8343.9,1210.88475,2118.8,2820.7,4197.2,1209.8,63.3,7134.1,8343.9,3502.9,1090.1,,4166.1,9.2,1210.5,-0.04945,56.6,-68.1,-154.3,-151.7,-112.5,-34.6,-9.8,39.2,,4222.7,,91.1999999999998,,9.2,-137.5,58.60000000000001,0.8999999999999999,-232.3,-129.29999999999998,626.6,72.5,537.0999999999998,-2.1,4.4,-223.8,-6.4,269.4,-34.599999999999994,42.40000000000001,8.200000000000003,,FGP.L,L,,-33.1,,-10.2,,,-2.6,82.0,,336.9,,881.4,-3564.1,1663.2,90.3,7938.6,,,,,,,,,,,,,,,,,,,,,,,,,,,,,,,,,,,37.14,39.537,37.14,39.0,,1596697200,2966343,FGP.L,L
SCIN.L,2020-04-30,1.78,39.922,116.39200000000001,116.39200000000001,18.453,,,,83.96700000000001,589.697,,0.0,,,,1.2790000000000001,,0.0,,,564.063,8.43258,707.8689999999999,73.81351,118.17200000000001,0.185,83.96700000000001,622.438,,85.431,707.8689999999999,83.96700000000001,1.78,,2.48,,73.834,-0.5272100000000001,-36.393,,-38.926,-38.926,-38.104,-38.104,,0.8220000000000001,,-33.913000000000004,,1.711,,,,2.434,,-17.863,54.205,7.672000000000001,-0.622,,-2.434,,,-0.623,44.013999999999996,8.877,-0.583,54.205,-14.806,SCIN.L,L,,,,,,,,1.7109999999999999,,0.185,,,,,,,,,,,,,,,,,,,,,,,,,,,,,,,,,,,,,,,,,743.0,768.0,735.0,768.0,,1596697200,73663,SCIN.L,L
NRR.L,2020-03-31,26.7,227.4,80.8,80.8,3.1,0.7,2.1,,628.6,1208.6,,0.0,0.0,0.1,,2.6,0.0,0.6999999999999993,46.8,60.1,380.1,1.9938,1377.1,306.14842999999996,108.2,47.6,714.9,610.6,,766.5,1377.1,714.2,27.4,,30.7,0.8,306.2,-0.32508000000000004,44.1,-11.2,-99.8,-99.8,-100.7,-89.5,,-0.9,,74.8,8.4,133.60000000000002,0.4,,-14.8,13.0,0.1,89.6,-51.6,18.9,-13.3,0.3999999999999999,0.1,,122.8,,56.90000000000001,-100.7,132.5,-36.8,-33.0,NRR.L,L,,,,,0.0,124.0,,,,,,,,0.2,,,,,,,,,,,,,,,,,,,,,,,,,,,,,,,,,,,,,62.2,64.9,61.3,62.3,,1596697200,414575,NRR.L,L
FXPO.L,2019-12-31,99.86399999999999,185.112,131.02,131.02,121.62799999999999,138.36700000000002,0.14,47.552,267.431,8.064,,0.0,,32.879,-1684.7220000000002,36.644,317.72700000000003,37.56100000000001,,1055.402,2810.6220000000003,2.2170400000000003,1939.557,588.62414,510.81199999999995,276.13,412.37800000000004,1352.5539999999999,199.71400000000003,587.003,1939.557,274.01099999999997,137.425,,314.892,,588.288,0.22787,404.721,-24.756999999999998,132.935,132.942,141.727,168.727,-2.2430000000000003,8.785,,719.613,196.105,235.994,,,-133.51,14.048000000000002,48.193999999999996,-42.979,-132.68900000000002,217.86,-22.716000000000008,42.481,0.0,-3.109,34.18,,39.083,141.72699999999998,56.368,0.8210000000000002,-77.15899999999998,FXPO.L,L,,0.078,,-77.26,,29.618000000000002,-0.006999999999999999,10.270999999999999,,65.627,,39.257,,,42.653,,-2.826,,,,,,,,,,,,,,,,,,,,,,,,,,,,,,,,,,196.9,205.0,196.4,200.0,,1596697200,1989575,FXPO.L,L
CNE.L,2019-12-31,88.2,489.8,139.5,151.6,12.6,43.1,0.0,245.9,0.0,,,0.0,147.6,56.1,-189.7,159.9,0.0,9.0,,1418.9,1158.6,2.05172,2089.0,589.553,424.2,233.8,282.9,1455.5,13.8,633.5,2089.0,239.8,97.2,,144.7,,589.979,0.00218,118.4,-18.5,27.1,52.7,76.1,94.6,,23.4,81.8,263.1,14.7,23.800000000000008,-79.1,,-137.70000000000002,,-30.4,-107.9,-30.799999999999986,233.6,34.9,98.0,-5.9,1.0,-102.1,0.1,95.9,76.1,24.599999999999994,106.9,,CNE.L,L,7.0,,,,,,,6.4,,108.3,5.1,26.3,-428.5,0.0,14.0,1833.8,-15.8,,,,,,,,,,,,,,,,,,,,,,,,,,,,,,,,,,131.0,137.1,130.4,134.2,,1596697200,695963,CNE.L,L
CEY.L,2019-12-31,47.06100000000001,,278.22900000000004,284.683,672.105,,,,,,0.09300000000000001,0.0,,8.816,,14.575,52.658,0.0,,872.855,619.5319999999999,1.1178299999999999,1372.4389999999999,1155.48234,446.833,66.227,0.0,1291.637,108.95700000000001,80.80199999999999,1372.4389999999999,0.0,47.06100000000001,,229.607,0.195,1163.0775199999998,0.07077,134.601,,67.796,113.335,113.402,113.402,,0.067,6.43,364.208,8.134,21.19900000000001,14.523,,-48.905,,-0.0040000000000000036,-94.05700000000002,-39.49600000000001,132.628,-28.233,55.576,-47.7,2.2960000000000003,,,1.3710000000000004,113.402,-8.116999999999999,9.409,-46.357,CEY.L,L,,,,,,-2.9960000000000004,-45.538999999999994,-5.087,,57.411,6.454,,-744.88,,6.132000000000001,1549.5970000000002,,,,,,,,,,,,,,,,,,,,,,,,,,,,,,,,,,,225.4,233.3,225.3,233.3,,1596697200,8333293,CEY.L,L
OSB.L,2019-12-31,,870.7,,,64.5,,63.1,31.4,344.5,,,,,41.5,-1.0,124.2,4.8,,,41.6,542.3,3.24531,21417.1,445.44345,,,357.8,1477.0,,19940.1,21417.1,357.8,,0.5,,,340.0,0.29265,,,93.0,93.0,118.1,,,25.1,,,,,,,-1.5,342.5,30.6,417.8,937.6,-668.9000000000002,-778.5,5.199999999999998,430.2000000000001,,-0.8,0.4,686.5,118.1,-13.7,939.1,-11.999999999999995,OSB.L,L,,,,,,,,,-2.2,,,,-7.7,,,49.3,,,,,,35.4,,,,,,,,,1543.5,,18446.8,1115.15,19353.5,312.0,9.7,180.7,190.4,-68.4,5.8,121.6,,,,,,,,,246.8,250.8,242.0,242.0,,1596697200,619315,OSB.L,L
SGC.L,2020-05-02,106.4,8.4,348.3,348.3,3.2,42.5,0.0,9.5,667.5,16.3,24.8,,2.9,101.5,-34.9,532.1,33.3,0.0,,914.9,-37.3,-0.34825,1517.1,550.18701,466.4,447.7,710.0,-130.2,8.8,1647.3,1517.1,667.5,106.4,,,59.4,549.9,0.08056,,-12.5,-19.0,-18.0,-25.3,-9.5,-3.3,-7.3,,617.4,,626.9,49.9,2.3,-42.0,4.399999999999999,-8.9,174.8,-44.4,103.6,8.299999999999997,56.1,11.0,0.0,184.7,0.0,234.0,4.899999999999992,32.0,-2.4000000000000004,-20.9,SGC.L,L,,,,-69.6,,-5.3,-0.3,522.9,,303.7,,,,51.9,,,,,,,,,,,,,,,,,,,,,,,,,,,,,,,,,,,,,47.26,49.88,45.8,49.88,,1596697200,798171,SGC.L,L
RNK.L,2019-12-31,,98.4,116.4,116.4,54.2,80.0,19.6,532.7,126.2,3.5,7.8,0.0,,17.6,13.9,9.7,0.1,,,328.1,239.7,-0.32379,1015.6,390.68352000000004,143.4,245.0,415.0,406.2,2.8,609.4,1015.6,335.0,24.2,,210.4,3.7,390.7,0.10289000000000001,187.0,-6.6,39.9,39.8,49.3,56.2,-0.3,9.5,,397.4,,130.79999999999998,-0.1,,-23.4,6.7,10.0,71.2,-108.9,93.0,-5.9,37.9,-2.0,-0.6,94.7,,54.7,56.1,4.9,-85.5,-21.5,RNK.L,L,,0.1,,,,,0.1,127.2,,147.4,,,,,,,,,,,,,,,,,,,,,,,,,,,,,,,,,,,,,,,,,138.2,143.8,135.4,135.4,,1596697200,133428,RNK.L,L
MKS.L,2020-03-28,298.0,910.4,248.4,260.1,487.6,316.6,332.4,399.1,3865.9,785.6,262.6,0.0,73.5,106.4,38.4,427.7,2027.4,19.30000000000001,1426.4,5494.2,2266.1,1.694,10183.9,1950.0598100000002,1215.0,1849.4,4182.5,3702.5,564.1,6481.4,10183.9,3865.9,317.3,,,16.8,1949.6,0.12628,,-134.0,-89.1,-89.7,-86.3,6.2,41.5,3.4,,5321.0,,5314.8,296.1,,-178.00000000000003,118.79999999999998,37.2,-707.5999999999998,-38.30000000000007,603.9000000000002,-18.5,318.3,-111.1,-1.5,-511.2,-9.299999999999956,-143.5,-89.69999999999997,393.8,139.69999999999993,-76.0,MKS.L,L,,6.0,,,,14.2,0.6,4987.7,,,11.7,,,,,,,,,,,,,,,,,,,,,,,,,,,,,,,,,,,,,,,,101.25,102.945,99.8,102.5,,1596697200,7551299,MKS.L,L
INPP.L,2019-12-31,27.273000000000003,,45.61,45.61,1753.84,,,,27.855999999999998,2382.645,,0.0,4.1610000000000005,2.186,,,,3.876999999999999,,,671.3989999999999,1.5056200000000002,2463.5660000000003,1610.795,80.921,10.470999999999998,27.855999999999998,2425.239,,38.327,2463.5660000000003,27.855999999999998,31.15,,16.503,,1528.97025,0.03561,56.653,,54.451,54.451,54.07,54.07,,-0.381,,73.156,2.583,2.5829999999999984,,,,3.388,-1.234,19.941999999999997,-67.03699999999998,44.986999999999995,-5.202999999999999,,-3.388,-0.086,-115.44400000000002,190.115,-2.1939999999999955,54.06999999999999,-3.879999999999996,-67.03699999999998,-51.341,INPP.L,L,,,,,,,,,,,,8.285,,,,,,,,,,,,,,,,,,,,,,,,,,,,,,,,,,,,,,,167.2,168.59,166.2,167.4,,1596697200,1126287,INPP.L,L
PZC.L,2019-11-30,139.8,,,41.8,4.3,,66.1,350.9,178.0,37.5,14.5,0.0,1.3,40.3,-103.7,12.4,50.2,8.0,142.7,124.1,510.2,0.13972,886.5,428.72495999999995,309.3,183.0,187.9,410.8,118.4,475.7,886.5,187.9,147.8,,186.9,,418.355,0.05952,106.4,-2.3,29.7,28.6,34.7,37.0,,6.1,,293.3,77.9,69.4,-8.5,3.2,-2.8,2.8,11.9,-53.3,32.6,9.7,-24.9,9.2,-0.4,-1.0,-29.4,,-12.0,34.9,-12.7,35.4,-23.5,PZC.L,L,39.7,26.3,,,,0.0,0.9,,,,2.1,,,,,,,,,,,,,,,,,,,,,,,,,,,,,,,,,,,,,,,,197.0,199.0,192.0,193.0,,1596697200,330561,PZC.L,L
IMI.L,2020-06-30,405.7,14.2,114.1,117.8,81.8,26.0,39.1,647.8,382.5,,3.9,60.9,3.4,97.6,39.6,112.1,124.3,2.400000000000034,391.0,363.6,703.0,0.70121,2012.5,272.1,872.9,575.5,534.1,838.6,343.6,1173.9,2012.5,447.2,408.1,,483.0,9.4,271.5,0.32604,384.0,-8.7,74.0,74.0,93.6,102.2,0.1,19.6,,867.0,,281.7999999999999,9.7,,-20.5,8.8,16.7,-41.7,-42.2,98.8,-64.2,54.6,-8.8,10.2,-33.3,0.4,25.1,102.2,6.2,-21.7,0.0,IMI.L,L,,,,,,-0.3,,263.0,,,3.7,,,,,,,,,,,,,,,,,,,,,,,,,,,,,,,,,,,,,,,,1027.0,1057.0,1019.0,1053.0,,1596697200,608043,IMI.L,L
COA.L,2019-12-31,261.2,10.5,177.4,177.5,89.6,57.9,8.2,291.0,283.5,17.5,20.1,0.0,6.2,64.3,-75.9,215.0,30.0,0.0,284.4,339.7,302.6,0.02105,1315.7,1430.22497,617.4,406.6,392.3,321.1,172.5,994.6,1315.7,334.4,261.2,,443.7,1.5,1464.04201,0.03497,240.4,-8.2,49.4,56.7,81.4,90.2,-0.6,24.7,,684.1,144.4,150.2,4.3,3.7,-20.1,7.6,19.3,-69.60000000000001,-21.4,109.5,-11.5,23.1,-9.9,-0.09999999999999998,-51.99999999999999,0.0,18.4,90.2,4.0,-1.2999999999999972,-7.700000000000002,COA.L,L,,30.4,,-5.7,,,-9.7,0.0,,,0.1,,,,,,,,,,,,,,,,,,,,,,,,,,,,,,,,,,,,,,,,61.3,62.0,59.9,62.0,,1596697200,1453306,COA.L,L
MDC.L,2020-03-31,766.0,690.0,329.0,331.0,74.0,213.0,427.0,124.0,1787.0,190.0,,0.0,10.0,27.0,,314.0,22.0,2.0,,4358.0,2126.0,2.33166,6954.0,737.2438099999999,1213.0,769.0,2654.0,2890.0,104.0,4064.0,6954.0,2441.0,768.0,,985.0,,737.21254,0.12208,583.0,-40.0,-429.0,-421.0,-386.0,-343.0,-3.0,35.0,,1568.0,403.0,926.0,523.0,,,45.0,24.0,-59.0,-109.0,276.0,276.0,,0.0,-12.0,-35.0,,96.0,,,-109.0,-24.0,MDC.L,L,,113.0,,,,,-8.0,,,515.0,2.0,14.0,,1047.0,,,,,,,,,,,,,,,,,,,,,,,,,,,,,,,,,,,,,266.4,271.6,264.0,269.2,,1596697200,544817,MDC.L,L
RMG.L,2020-03-29,1282.0,,1640.0,1670.0,10.0,901.0,54.0,558.0,935.0,5.0,12.0,0.0,5.0,153.0,,325.0,3950.0,6.0,,3120.0,5611.0,4.67782,11017.0,998.9702900000001,2982.0,3095.0,2823.0,5621.0,19.0,5396.0,11017.0,1922.0,1288.0,,3108.0,9.0,999.0,0.16617,2566.0,-31.0,8.0,8.0,7.0,37.0,,-1.0,,5674.0,1457.0,2529.0,114.0,113.0,-229.0,25.0,40.0,1013.0,-268.0,671.0,236.0,160.0,-21.0,2.0,1109.0,0.0,1418.0,7.0,155.0,-39.0,-75.0,RMG.L,L,,,,,1.0,,,949.0,,2041.0,30.0,,,390.0,,,,,,,,,,,,,,,,,,,,,,,,,,,,,,,,,,,,,181.3,184.5,176.15,182.1,,1596697200,5562442,RMG.L,L
OXIG.L,2020-03-31,71.1,62.2,95.4,95.4,2.9,30.0,10.2,135.5,0.0,0.0,0.0,0.0,0.9,14.7,11.5,1.8,48.0,0.20000000000000284,125.1,30.0,175.0,2.02142,439.9,57.43476,226.4,169.8,36.5,251.6,58.8,188.3,439.9,6.5,71.3,,74.5,5.4,58.0,0.33793,76.6,-0.4,19.6,17.8,20.8,21.4,-0.2,3.0,13.2,151.1,39.0,55.19999999999999,0.6,5.699999999999998,-3.0,-0.6000000000000001,2.6,-7.800000000000002,17.9,42.3,18.6,2.9000000000000004,,0.8999999999999999,-2.3,0.5,53.3,19.6,-4.5,20.9,-5.999999999999999,OXIG.L,L,,,,,,-3.0,,,,,,,,,,,,,,,,,,,,,,,,,,,,,,,,,,,,,,,,,,,,,1390.0,1410.0,1356.0,1382.0,,1596697200,15361,OXIG.L,L
MARS.L,2020-03-28,66.3,334.0,,26.4,48.7,60.9,59.3,92.7,1023.7,,,0.0,,182.4,-114.7,61.1,26.3,7.900000000000006,212.1,2481.3,15.5,0.64059,2969.4,634.1,138.8,455.4,1725.3,729.2,38.2,2240.2,2969.4,1664.4,74.2,557.6,,,632.7,0.0275,,-50.9,-28.0,-28.0,-33.2,19.4,-1.7,-5.2,,510.5,,491.1,38.4,,-45.1,45.8,5.1,-91.9,20.6,58.1,-12.6,27.6,-45.8,,-15.7,0.0,-13.2,57.8,-14.7,65.7,-30.4,MARS.L,L,24.4,,0.075,-111.9,,,,452.7,,,2.0,,,230.3,,,,,,,,,,,,,,,,,,,,,,,,,,,,,,,,,,,,,47.0,48.64,44.788999999999994,47.98,,1596697200,3738507,MARS.L,L
XPP.L,2019-12-31,34.8,,11.2,11.2,27.2,1.6,5.5,46.4,52.5,,0.1,0.0,3.9,3.6,-0.2,1.3,1.8,2.0,25.2,35.9,111.7,2.006,233.4,19.2423,96.0,30.4,58.9,138.2,44.1,95.2,233.4,57.3,36.8,,55.0,,19.522000000000002,0.6249399999999999,46.0,-1.1,10.2,10.4,11.1,12.2,,0.7,6.7,101.0,27.1,33.8,,,-7.4,1.3000000000000005,1.9,-15.2,-7.600000000000001,23.6,4.1,6.6,-1.6,-0.4,-7.1000000000000005,0.2,0.4,10.4,2.5,-0.2,-6.699999999999998,XPP.L,L,,0.7,,-0.5,,,-0.2,,,,,,,53.2,,,,,,,,,,,,,,,,,,,,,,,,,,,,,,,,,,,,,4300.0,4393.54,4160.0,4160.0,,1596697200,292015,XPP.L,L
FCH.L,2019-12-31,33.6,292.3,,164.5,0.3,8.5,,23.6,,14.9,,614.5,708.6,3.1,8.0,0.9,,0.0,19.7,39.0,18.4,0.8154399999999999,995.5,348.39927,906.7,645.8,652.8,319.0,,676.5,995.5,29.8,33.6,,,7.8,348.5,-0.09011,,0.0,-53.7,-53.7,-53.4,-53.4,,0.3,,86.0,76.1,139.4,34.3,3.5,-9.1,,,469.2,-563.5,-8.899999999999997,-0.30000000000000004,4.3,0.0,-2.3000000000000003,469.00000000000006,0.2,-105.5,-53.40000000000001,37.0,-554.4000000000002,0.0,FCH.L,L,164.5,,,,,,,21.2,,,,,,11.3,,,,,,,,,,,,,,,,,,,,,,,,,,,,,,,,,,,,,97.0,98.1,93.1,94.1,,1596697200,119308,FCH.L,L
CBG.L,2020-01-31,,,,,38.0,,,125.7,2548.0,,,,,0.0,-6.1,28.2,49.9,,223.2,310.9,1403.7,7.97767,10668.8,151.30983999999998,,,2633.4,1435.6,,9233.2,10668.8,2595.4,,0.0,,,150.8,0.62666,,,94.5,94.5,124.1,,,29.6,,,,,,,-26.0,7.1,,-88.3,-28.8,-15.8,-119.7,44.4,-7.1,,-7.4,-8.0,-132.9,124.1,-64.6,-2.8,-65.8,CBG.L,L,,-1.0,,,,,0.0,,,649.5,,,-165.0,102.8,,475.9,,,,,,1208.3,,,,,,,,,641.41,,7824.4,322.923,5699.9,323.5,36.7,217.4,254.1,-299.0,205.7,69.4,,,,,,38.0,,,1100.0,1113.0,1091.0,1109.0,,1596697200,187007,CBG.L,L
VEIL.L,2019-12-31,,548.35532,,9.47332,2.18063,,,,,1467.4697800000001,,0.0,,0.92629,,,,,,,924.0828300000001,6.762389999999999,1478.16058,218.06188999999998,,,0.0,1474.61878,,3.54181,1478.16058,0.0,1.21748,,3.3237900000000002,,218.73202999999998,0.18255,49.463570000000004,5.6567099999999995,39.92931,39.92931,39.92931,34.27259,,0.0,,52.78736,15.0399,15.19098,,,,,,-25.48200000000001,,28.606140000000003,19.82347,,,,-20.0,-5.482000000000001,3.1241400000000006,39.92931,-31.14664,,,VEIL.L,L,9.47332,,,,,,,0.15108,,2.61552,,,,,,,,,,,,,,,,,,,,,,,,,,,,,,,,,,,,,,,,,410.5,413.5,408.5,408.5,,1596697200,211203,VEIL.L,L
DPLM.L,2020-03-31,98.8,,25.9,25.9,5.7,6.3,11.0,98.4,55.8,0.0,,0.0,,20.0,29.3,18.5,0.5,0.0,88.5,61.2,285.2,0.55369,551.9,113.23956000000001,232.7,114.8,90.4,320.2,108.0,231.7,551.9,84.1,98.8,,180.3,,113.17742,0.32161999999999996,103.3,-1.6,31.1,31.3,41.6,42.2,-0.1,10.3,,283.6,61.1,61.1,,,-6.4,0.7,13.1,-15.5,-14.9,29.2,-26.9,6.0,-0.7,0.1,10.4,-2.0,-1.1,42.2,7.9,-8.5,-23.2,DPLM.L,L,,3.3,,,1.1,,-0.2,,,,,,,159.1,,,,,,,,,,,,,,,,,,,,,,,,,,,,,,,,,,,,,1897.0,1933.0,1893.0,1900.0,,1596697200,217258,DPLM.L,L
AGR.L,2020-03-31,19.1,595.5,18.5,18.5,241.3,11.1,,,830.5,2139.2,,0.0,20.7,22.8,,4.8,0.5,0.0,,11.3,465.6,0.53969,2209.3,2413.24183,58.3,66.1,847.1,1302.4,,906.9,2209.3,836.0,19.1,,3.7,,2416.26818,0.01759,53.1,,42.5,42.5,42.5,42.5,,0.0,,56.8,5.1,10.6,,,,7.100000000000001,,61.6,-111.79999999999998,42.1,-7.0,,-0.2,,90.0,,-8.100000000000001,,49.1,-111.79999999999998,-28.200000000000006,AGR.L,L,,,,,,13.3,,-7.8,,32.2,,,,,,,,,,,,,,,,,,,,,,,,,,,,,,,,,,,,,,,,,80.7,80.7,79.3,79.8,,1596697200,4516390,AGR.L,L
PHP.L,2020-06-30,14.4,340.1,,64.0,152.2,91.3,3.3,,1176.4,2514.3,,0.0,,26.2,-22.4,19.3,0.0,0.0,32.7,,769.1,1.01749,2592.7,1217.7,78.4,150.2,1272.2,1239.0,,1353.7,2592.7,1180.9,14.4,,3.2,,1317.5,0.02885,64.8,-28.5,39.5,39.5,39.6,70.3,-2.2,0.1,,68.0,6.5,-5.5,-1.5,,,21.2,0.0,-60.9,-77.8,59.2,1.7,,-21.9,0.4,-5.3,0.0,-79.1,39.5,18.0,-77.8,-33.7,PHP.L,L,64.0,,,,,-10.5,,,,,,,,,,,,,,,,,,,,,,,,,,,,,,,,,,,,,,,,,,,,,155.0,155.0,150.0,150.0,,1596697200,1620600,PHP.L,L
IWG.L,2019-12-31,681.3,,66.6,66.6,9.2,987.1,,45.0,351.0,13.8,61.0,0.0,,363.8,34.7,13.5,195.0,24.0,788.8,7190.7,953.5,0.18195,8953.3,884.30207,773.2,2139.7,6906.7,880.5,1.3,8072.8,8953.3,5919.6,705.3,,1078.0,,922.8561300000001,0.044860000000000004,272.6,-125.1,150.8,41.4,14.5,139.6,,-26.9,,1350.6,136.0,133.0,,4.799999999999999,-73.09999999999997,10.1,34.8,-511.4,29.6,505.2000000000001,-239.0,560.5999999999998,,2.1,-444.2000000000001,-47.9,25.5,14.5,164.3,102.7,-19.300000000000004,IWG.L,L,,,,-116.9,,-3.0,,,,,,,,674.6,,,,,,,,,,,,,,,,,,,,,,,,,,,,,,,,,,,,,251.8,252.8,241.8,245.0,,1596697200,2995714,IWG.L,L
RCP.L,2019-12-31,,45.7,,61.1,156.8,50.0,,,166.4,3122.2,,0.0,50.4,61.5,,9.3,3.2,,,24.2,2929.6,20.05508,3433.3,156.84807,283.7,111.5,216.9,3145.6,,287.7,3433.3,166.9,172.2,13.5,11.3,,155.0,0.62387,113.9,,96.7,96.7,97.1,97.1,,0.4,,125.2,,16.8,,,0.0,11.3,,-151.29999999999995,0.0,-18.80000000000001,-11.3,,,-7.0,-125.0,0.0,-177.10000000000005,-7.5,,0.0,-26.3,RCP.L,L,61.1,,,,,,,16.8,,,,,,,,,,,,,,,,,,,,,,,,,,,,,,,,,,,,,,,,,,,23.92,23.92,23.92,23.92,,1596697200,0,RCP.L,L
HILS.L,2019-12-31,144.1,37.4,26.0,26.0,19.9,11.0,8.7,212.8,200.9,,,0.0,0.0,11.5,19.7,23.7,1.0,0.0,120.3,227.9,230.0,1.1864,712.5,79.4,270.8,142.8,241.3,307.0,100.7,405.5,712.5,230.3,144.1,,,3.3,79.6,0.41834,,-3.6,21.6,21.6,28.4,32.6,-0.6,6.8,,355.2,,322.6,10.2,3.9,-18.4,3.9,8.4,-11.6,-36.3,49.7,-10.0,15.400000000000002,-0.10000000000000007,-0.7,4.399999999999999,1.3,1.0999999999999996,28.4,12.0,-17.9,-17.200000000000006,HILS.L,L,,,,,,,,309.1,,,,,,,,,,,,,,,,,,,,,,,,,,,,,,,,,,,,,,,,,,,12.2,12.76,12.08,12.64,,1596697200,147161,HILS.L,L
FRAS.L,2019-10-27,437.5,874.3,,326.0,64.1,162.5,13.1,170.9,580.4,132.7,,0.0,83.1,49.3,111.6,352.1,29.3,0.0,748.2,1263.9,589.3,2.07262,3674.8,521.6597,2078.0,960.0,1250.1,1252.1,1231.4,2422.7,3674.8,1087.6,437.5,,1148.6,55.6,510.335,0.18235,894.9,-16.1,61.3,65.4,90.2,106.2,0.1,24.8,,2043.5,705.7,788.7,43.8,3.0,-134.6,16.4,50.6,-352.8,9.6,220.2,-52.2,122.7,-16.4,1.0,-298.0,-38.4,-122.0,90.2,56.5,144.2,,FRAS.L,L,326.0,9.9,,-387.2,,,-4.1,-16.4,,,,,,,,,,,,,,,,,,,,,,,,,,,,,,,,,,,,,,,,,,,270.6,280.0,259.8,265.2,,1596697200,275697,FRAS.L,L
TALK.L,2020-03-31,185.0,684.0,,56.0,1.0,59.0,,205.0,793.0,0.0,388.0,0.0,1.0,34.0,-64.0,2.0,135.0,0.0,377.0,339.0,-215.0,-0.25654,1829.0,1146.0,267.0,470.0,1010.0,406.0,25.0,1423.0,1829.0,951.0,185.0,,379.0,97.0,1162.0,0.050769999999999996,392.0,-28.0,152.0,152.0,130.0,168.0,-10.0,-22.0,,771.0,,224.0,-100.0,41.0,-66.0,42.0,0.0,-130.0,133.0,41.0,-76.0,56.0,-41.0,,-77.0,-1.0,44.0,168.0,-148.0,199.0,-11.0,TALK.L,L,56.0,,,,,3.0,,224.0,,,,,,495.0,,,,,,,,,,,,,,,,,,,,,,,,,,,,,,,,,,,,,75.5,78.236,74.85,76.75,,1596697200,2743045,TALK.L,L
TLW.L,2019-12-31,38.7,1380.0,288.8,288.8,210.9,284.2,793.4,1764.4,3071.7,,610.1,0.0,143.2,442.9,-206.6,826.8,533.7,759.5999999999998,,3891.7,-400.7,-0.5545899999999999,8291.2,1407.89795,1491.3,1474.8,4496.8,983.6,191.5,7307.6,8291.2,4212.6,798.3,,591.6,16.0,1405.17378,-0.37856,232.1,-141.4,-1797.3,-1797.3,-1921.8,-1772.7,-7.7,-124.5,,823.7,40.4,2004.8,1946.7,,-269.79999999999995,120.4,-31.599999999999994,-457.6,-272.9,661.3000000000002,106.0,421.3,-120.4,-4.3,-304.6,,-73.5,-1921.8,2055.8,-3.1,-32.60000000000001,TLW.L,L,,,,,,,0.0,1.7,,95.4,,652.3,-8725.1,,69.5,12616.8,,,,,,,,,,,,,,,,,,,,,,,,,,,,,,,,,,,26.99,27.89,26.0,27.21,,1596697200,12401780,TLW.L,L
ENOG.L,2019-12-31,5.587999999999999,915.388,354.41900000000004,354.41900000000004,2.367,41.593,73.381,71.876,877.932,,,0.0,0.564,22.926,-19.264,89.811,37.114000000000004,35.585,,1902.271,102.539,4.81877,2508.169,177.08941000000002,421.108,206.293,919.525,1001.03,6.797000000000001,1507.139,2508.169,877.932,41.173,,36.941,0.4,176.82436,-0.11709000000000001,-1.204,1.237,-78.863,-79.278,-101.19,-97.711,-4.716,-21.912,-2.452,35.736999999999995,8.327,96.507,89.47399999999999,,-413.16699999999986,30.453000000000007,0.777,710.931,-411.461,12.633999999999995,14.963,21.35,-38.763000000000005,-1.135,484.614,265.08,310.96900000000005,-101.19,77.51100000000001,1.706,,ENOG.L,L,,259.722,,,,,0.415,0.758,,95.919,,45.855,-310.70799999999997,75.8,18.155,2212.979,,,,,,,,,,,,,,,,,,,,,,,,,,,,,,,,,,,600.0,637.03,592.0,637.0,,1596697200,123094,ENOG.L,L
JUST.L,2019-12-31,,94.5,267.0,,103.5,,26.3,154.4,660.0,21264.4,,0.0,,60.4,294.0,313.0,11.5,,,26.8,1831.4,2.0939400000000004,25893.8,1035.08166,,,672.4,2321.8,,23572.0,25893.8,672.4,,4.4,,,1044.6,0.18633,,-92.8,200.0,200.3,243.3,336.1,,43.0,,,,1445.7,,9.499999999999998,-4.1000000000000005,99.4,32.9,50.600000000000016,-4.1000000000000005,361.4,338.7,2.2,-32.6,,82.19999999999997,0.0,407.9,243.3,-232.3,,1.0,JUST.L,L,,-0.8,,,,,-0.3,10.6,-14.0,,,52.9,-4.3,,,11.9,-6.0,,,,13.8,4155.9,22447.8,21.1,1414.0,437.2,,1290.8159999999998,,,,,,,,,,,,,,,,,,,,,,,45.6,45.98,44.8,45.48,,1596697200,1136293,JUST.L,L
APAX.L,2019-12-31,,,,3.2769999999999997,873.804,,,,,1108.4769999999999,,0.0,,13.352,,,,,,,225.165,2.2377700000000003,1114.026,491.10077,5.5489999999999995,15.057,0.0,1098.969,,15.057,1114.026,0.0,2.272,,,,491.10077,0.17515999999999998,,-1.083,86.023,86.023,86.20700000000001,87.29,,0.184,,95.353,3.7539999999999996,8.062999999999999,,,,0.8809999999999999,0.016,-27.439,,-86.20500000000001,-104.411,,-0.769,0.6459999999999999,0.0,,-112.998,,18.206,,-26.67,APAX.L,L,3.2769999999999997,,,,,,,4.309,,,,1.705,,,,,,,,,,,,,,,,,,,,,,,,,,,,,,,,,,,,,,,158.0,161.8,154.0,154.4,,1596697200,102841,APAX.L,L
SYNT.L,2020-03-31,219.3,421.1,475.1,475.1,42.5,381.3,31.0,84.7,103.2,8.3,,25.2,4.3,62.3,-7.4,129.9,19.1,0.0,199.4,408.6,241.0,0.65246,1683.7,424.85096,827.7,668.2,542.4,697.2,129.0,986.5,1683.7,135.9,219.3,,,2.1,426.786,0.0492,,-3.9,26.7,26.7,31.8,36.2,-0.5,5.1,,338.4,,302.2,-6.0,0.4,-13.9,1.7,4.6,389.9,-13.7,-24.3,-74.8,12.4,0.0,-5.6,389.9,0.0,346.3,36.2,1.5,0.2,0.0,SYNT.L,L,,21.5,,,,-0.6,0.0,306.7,,,,,,335.3,,,,,,,,,,,,,,,,,,,,,,,,,,,,,,,,,,,,,301.8,315.6,297.2,300.0,,1596697200,1226831,SYNT.L,L
RDW.L,2019-12-31,37.0,59.0,89.0,89.0,37.0,,4.0,2.0,75.0,8.0,7.0,0.0,,0.0,,133.0,21.0,14.0,699.0,25.0,1546.0,4.656569999999999,2553.0,352.19042,2490.0,699.0,75.0,1642.0,2350.0,911.0,2553.0,75.0,51.0,,662.0,,345.0,0.37101,208.0,-2.0,128.0,128.0,157.0,159.0,,29.0,,870.0,49.0,49.0,,,-3.0,1.0,77.0,-77.0,-5.0,-33.0,-192.0,3.0,,,-5.0,0.0,-115.0,159.0,-3.0,-2.0,-72.0,RDW.L,L,,,,,,,,,,,,,,,,,,,,,,,,,,,,,,,,,,,,,,,,,,,,,,,,,,,435.6,447.6,432.8,436.0,,1596697200,697063,RDW.L,L
MCRO.L,2020-04-30,744.9,46.7,808.1,808.1,47.2,82.2,878.4,5586.1,4686.0,,,169.4,21.1,1192.9,-534.6,522.6,101.4,44.899999999999984,501.6,314.0,5443.6,-18.54417,13219.9,333.38242,1619.3,1946.1,5120.1,5002.9,0.3,8217.0,13219.9,4868.5,789.8,,349.7,,333.8,0.14919000000000002,1104.5,-129.3,-1032.1,-1029.3,-1036.0,-906.7,,-6.7,242.9,1454.2,719.9,2011.2,1048.4,340.4,-42.6,106.6,65.5,115.1,-39.7,388.3,-73.1,61.1,-21.8,-11.3,134.2,2.7,452.4,-906.7,966.6,2.9,0.0,MCRO.L,L,,1.4,,,,,-0.1,,,,,,,5599.1,,,,,,,,,,,,,,,,,,,,,,,,,,,,,,,,,,,,,309.1,311.2,295.2,306.0,,1596697200,1474648,MCRO.L,L
JFJ.L,2020-03-31,4.187,,,26.226,40.312,,,,130.167,855.12,,0.0,,,,,,0.0,,,701.2739999999999,4.5990400000000005,885.533,161.24808000000002,30.413,13.78,130.167,741.586,,143.947,885.533,130.167,4.187,,3.036,,161.24808000000002,-0.41565,-66.11399999999999,,-67.02199999999999,-67.02199999999999,-66.473,-66.473,,0.5489999999999999,,-63.078,0.359,0.359,,,,0.687,,8.545,12.481,2.289,2.289,,,-0.162,16.607,,23.153000000000002,,,12.481,-8.062000000000001,JFJ.L,L,26.226,,,,,,,,,13.78,,,,,,,,,,,,,,,,,,,,,,,,,,,,,,,,,,,,,,,,,526.0,532.0,522.0,532.0,,1596697200,81145,JFJ.L,L
MRC.L,2020-01-31,4.632,23.459,72.34100000000001,72.34100000000001,23.612,,,,177.86599999999999,2289.569,,0.0,,,,,,0.0,5.854,,2135.751,2.75775,2366.542,791.5228900000001,76.973,5.854,177.86599999999999,2182.822,,183.72,2366.542,177.86599999999999,4.632,,9.363999999999999,,791.56562,0.37514000000000003,297.689,,296.948,296.948,297.157,297.157,,0.209,,307.053,0.532,0.532,,,,5.442,-0.043,-22.726,-99.01799999999999,20.088,20.088,,,0.005,,-1.354,-101.651,,,-99.01799999999999,-21.372,MRC.L,L,,,,,,,,,,,,,,,,,,,,,,,,,,,,,,,,,,,,,,,,,,,,,,,,,,,195.0,196.6,192.666,193.8,,1596697200,771131,MRC.L,L
PAY.L,2020-03-31,105.039,4.485,93.774,93.774,0.228,0.19699999999999998,,17.274,,,,70.0,,6.084,-0.733,0.095,0.565,1.6929999999999978,124.431,24.84,34.35,0.13459000000000002,257.987,68.37675,203.455,218.81799999999998,70.941,38.33,0.214,219.657,257.987,0.7440000000000001,106.73200000000001,,54.924,,69.057,0.37854,54.598,-0.11699999999999999,26.141,26.141,32.764,32.881,,6.622999999999999,,109.522,21.717,21.71700000000001,0.0,2.412,-4.324999999999998,0.42,5.654,23.019000000000002,-4.023,33.95,-4.090999999999998,2.764,,0.307,51.729,0.001,53.253,32.764,0.101,0.30200000000000005,-28.711,PAY.L,L,,,,,,,,,,8.318,,9.788,,11.853,2.735,,,,,,,,,,,,,,,,,,,,,,,,,,,,,,,,,,,,611.0,616.0,600.0,606.0,,1596697200,1028673,PAY.L,L
DLN.L,2019-12-31,33.6,193.0,54.5,54.5,5.6,0.0,1.2,,976.6,5175.6,,0.0,40.7,65.8,,5.2,253.5,4.399999999999999,,50.2,4222.6,39.55507,5633.1,111.77328999999999,153.8,113.7,1036.1,4421.2,,1211.9,5633.1,1036.1,38.0,,25.5,,112.039,1.35486,94.1,-11.8,151.6,148.5,150.6,164.7,-2.3,2.1,,119.6,19.9,-70.6,0.0,,-0.3,-10.9,-1.7,-21.4,-9.799999999999997,54.2,66.80000000000001,,-1.5,,1.7999999999999972,3.0,23.000000000000004,,,-9.5,-24.7,DLN.L,L,,55.7,,,,-90.5,3.1,,,7.2,,40.7,-3.0,,20.6,53.2,,,,,,,,,,,,,,,,,,,,,,,,,,,,,,,,,,,2920.0,3000.0,2910.0,3000.0,,1596697200,856001,DLN.L,L
SHB.L,2020-03-31,15.3,378.6,172.5,172.5,76.9,,,,1100.4,3601.6,,0.0,,13.1,,,15.9,9.5,8.1,1.2,2236.2,8.75634,3822.9,307.4,204.2,30.8,1100.4,2691.7,,1131.2,3822.9,1100.4,24.8,,16.5,,307.4,-0.9355899999999999,46.2,-27.1,-287.6,-287.6,-287.6,-260.5,,0.0,,62.7,6.5,306.7,,,0.0,15.1,,122.2,-19.4,15.7,-25.1,0.2,,,150.0,0.0,118.5,-287.6,328.2,-19.4,-27.8,SHB.L,L,,,,,,300.2,,,,5.0,,4.6,,,6.9,,,,,,,,,,,,,,,,,,,,,,,,,,,,,,,,,,,,528.0,533.0,518.5,520.0,,1596697200,647654,SHB.L,L
SNR.L,2019-12-31,133.6,14.8,,15.8,41.9,15.2,32.8,12.9,146.0,3.3,0.5,0.7,,46.5,44.4,14.3,50.6,3.5,157.3,369.3,472.5,0.59514,1055.9,419.4,322.2,219.7,245.4,559.6,169.3,496.3,1055.9,229.5,137.1,,,,414.2,0.045439999999999994,,-5.4,8.2,8.2,2.2,22.4,,-6.0,,530.3,,507.9,0.0,7.199999999999998,-29.8,5.499999999999999,-0.4000000000000004,-41.5,-34.40000000000001,70.80000000000003,17.299999999999994,27.0,,-1.0,-32.0,0.0,-6.1,22.4,-3.1,-4.6,-9.5,SNR.L,L,15.8,,,-14.0,-14.8,-0.2,,508.1,1.0,,,,,297.1,,,,,,,,,,,,,,,,,,,,,,,,,,,,,,,,,,,,,54.15,61.47,53.0,60.95,,1596697200,2009974,SNR.L,L
HVPE.L,2020-01-31,,,130.61616,130.61616,2202.68702,,,,,2065.5198,,0.0,,,,,8.44585,,1.8025099999999998,,,27.581,2204.58181,79.86249000000001,130.61616,1.8947900000000002,0.0,2202.68702,,1.8947900000000002,2204.58181,0.0,,,4.71504,,79.86249000000001,1.784,-3.63855,,142.47478,142.47478,142.47478,142.47478,,,,1.07649,0.24798,-146.11333,,,,,,0.0,,43.37008,48.48638,,,,0.0,,43.37008,142.47478000000004,-147.59106999999997,,,HVPE.L,L,,,,,,-146.87292,,0.51162,,0.09228,,,,,,,,,,,,,,,,,,,,,,,,,,,,,,,,,,,,,,,,,1570.0,1585.17,1570.0,1580.0,,1596697200,52246,HVPE.L,L
PLP.L,2019-12-31,40.8,,47.7,47.7,0.2,2.9,10.5,401.8,197.7,,,0.0,,7.7,-0.3,1.0,,0.0,97.5,140.6,361.5,-0.201,690.6,200.99736000000001,148.2,108.1,212.5,361.4,59.7,329.2,690.6,209.6,40.8,,127.3,3.8,201.41394,0.13852,97.0,-3.4,23.9,23.9,28.7,32.4,-0.3,4.8,,224.3,58.2,64.60000000000001,2.6,3.8,-13.3,3.8,6.4,-31.6,-24.9,61.3,15.499999999999995,9.7,-0.2999999999999998,-0.1,-25.7,2.4,4.7,28.700000000000006,3.6000000000000005,-11.6,-8.0,PLP.L,L,,,,0.0,,,,,,,,,,,,,,,,,,,,,,,,,,,,,,,,,,,,,,,,,,,,,,,412.5,417.0,405.5,405.5,,1596697200,175203,PLP.L,L
TEP.L,2020-03-31,57.012,143.89600000000002,,43.611000000000004,3.9619999999999997,,1.104,167.71900000000002,94.02,8.432,25.185,0.0,,0.0,,,,0.7060000000000031,35.291,37.766999999999996,80.025,0.6278100000000001,482.659,78.58775,238.232,156.614,102.98899999999999,222.38099999999997,4.633,260.278,482.659,102.98899999999999,57.718,,434.163,5.614,78.608,0.26359,88.404,-1.224,20.72,20.68,27.038,28.261999999999997,,6.358,,522.567,55.239,60.142,,6.747999999999999,-4.857000000000001,1.329,6.040000000000001,0.9320000000000004,-4.704,11.794999999999998,-26.283,2.1640000000000006,-2.398,,22.945,1.499,8.023,27.038,2.128,0.153,-21.114,TEP.L,L,43.611000000000004,-0.429,,-5.502000000000001,,,0.04,-0.711,,,,121.323,,5.324,132.27,,,,,,,,,,,,,,,,,,,,,,,,,,,,,,,,,,,,1340.0,1360.0,1323.02,1328.0,,1596697200,47154,TEP.L,L
HWDN.L,2020-06-13,129.9,92.4,,253.4,60.3,73.0,1.5,22.8,,,,0.0,,4.3,,43.5,14.5,0.0,224.3,737.9,468.6,0.94576,1424.2,597.08863,649.0,301.6,563.1,587.5,265.7,836.7,1424.2,490.1,129.9,,188.9,,593.9,-0.01835,276.1,-4.1,-10.9,-10.9,-14.2,-9.8,-0.3,-3.3,,465.0,285.9,285.9,,,-22.3,4.6,12.3,-36.3,-21.8,44.1,-0.4,52.7,-4.5,,-22.2,-9.6,-14.0,-9.8,1.6,0.5,0.0,HWDN.L,L,253.4,,,-28.2,,,,,,,,,,,,,-5.6,,,,,,,,,,,,,,,,,,,,,,,,,,,,,,,,,,510.4,515.0,504.4,515.0,,1596697200,2292631,HWDN.L,L
STOB.L,2020-02-29,40.167,324.368,9.802,9.802,37.465,67.469,5.736000000000001,54.669,74.757,6.3660000000000005,8.0,0.0,11.408,9.691,0.0,38.455,,0.0,61.898999999999994,319.83099999999996,-251.574,0.12285,464.13599999999997,394.22219,75.27,139.059,245.257,103.098,13.892999999999999,361.038,464.13599999999997,177.78799999999998,40.167,,,15.085999999999999,390.7442,-0.15022,,-5.19,-117.01100000000001,-126.14299999999999,-131.351,-126.23299999999999,0.07200000000000001,-5.207999999999999,,77.044,45.105,203.27700000000002,62.946999999999996,3.717000000000001,-1.600999999999999,5.396,0.0,6.0779999999999985,-0.39199999999999946,-3.6090000000000018,6.696000000000001,11.369000000000002,-6.547999999999999,,12.637999999999998,-0.012,2.077,-131.351,105.96,1.209,0.0,STOB.L,L,,,,-7.1610000000000005,,7.829,,72.31,,,,,,,,,,,,,,,,,,,,,,,,,,,,,,,,,,,,,,,,,,,29.0,29.3,26.65,26.95,,1596697200,1062252,STOB.L,L
QLT.L,2019-12-31,,58.0,2473.0,2473.0,133.0,,88.0,242.0,335.0,59346.0,230.0,0.0,,6.0,,60402.0,43.0,,836.0,143.0,1835.0,0.7775,63738.0,1902.2511,,,335.0,2071.0,,61667.0,63738.0,335.0,424.0,,105.0,,1836.0,0.00599,2205.0,-1471.0,163.0,11.0,7.0,1809.0,-331.0,-4.0,,2310.0,,396.0,,,-5.0,5.0,27.0,-44.0,1600.0,-1408.0,-1595.0,,-5.0,0.0,-8.0,,148.0,7.0,180.0,1605.0,-31.0,QLT.L,L,,,,,,,,396.0,,,,,-160.0,350.0,,303.0,45.0,,,,,487.0,,,,,,,,,,,,,,,,,,,,,,,,,,,,,148.8,151.0,145.9,151.0,,1596697200,6280338,QLT.L,L
JAM.L,2019-12-31,0.578,151.85,8.601,8.601,14.082,,,,38.685,1086.5839999999998,,0.0,0.008,0.29,,,,0.0,,,890.8639999999999,5.04849,1095.771,209.32906,9.187000000000001,0.29,38.685,1056.796,,38.975,1095.771,38.685,0.578,,0.222,,211.30857000000003,0.26209,56.982,,55.382,55.382,56.613,56.613,,1.2309999999999999,,57.20399999999999,0.369,0.369,,,,0.066,0.0,9.872,-25.373,5.893000000000002,5.893000000000002,,,0.0,40.056,-24.887,-9.608,,,-25.373,-5.2970000000000015,JAM.L,L,,,,,,,,,,,,,,,,,,,,,,,,,,,,,,,,,,,,,,,,,,,,,,,,,,,497.5,501.0,490.5,501.0,,1596697200,581986,JAM.L,L
WOSG.L,2019-10-27,15.227,147.653,,51.36,2.9930000000000003,69.804,,17.191,116.84,,2.783,0.0,,0.638,0.866,7.767,14.716,1.7579999999999991,160.939,343.44,35.065,0.24896,776.949,239.45555,289.04900000000004,231.38099999999997,421.028,186.577,220.704,590.372,776.949,351.224,16.985,,382.023,,228.09099999999998,0.13744,46.688,-9.96,-8.074,-8.074,-9.041,1.4780000000000002,-0.5589999999999999,-0.9670000000000001,,428.711,11.652999999999999,45.20999999999998,33.556999999999995,1.2229999999999999,-15.74,8.851,5.962999999999999,-39.478,-15.74,72.366,12.177999999999999,25.205,-30.589000000000002,-0.326,-157.26,148.371,16.822,-8.074,41.833999999999996,0.0,,WOSG.L,L,51.36,,,,,,,,,,,,,109.77,,,,,,,,,,,,,,,,,,,,,,,,,,,,,,,,,,,,,260.0,272.61,253.5,270.5,,1596697200,92835,WOSG.L,L
JDW.L,2020-01-26,1.777,143.29399999999998,47.413000000000004,47.413000000000004,2.094,62.614,38.211999999999996,12.378,843.477,11.572000000000001,,0.0,1.911,30.564,-45.787,57.096000000000004,9.706,1.8100000000000005,,2049.025,215.199,2.8890700000000002,2177.849,104.678,95.16799999999999,381.589,1448.766,314.8,23.453000000000003,1863.049,2177.849,1386.152,3.5869999999999997,,,,104.81029000000001,0.41913,,-29.145,26.18,26.18,35.677,67.825,,9.497,,933.0210000000001,,865.196,12.945,1.925,-34.532,15.083,21.48,27.805999999999997,-135.778,112.435,-26.054000000000002,62.143,-0.321,,52.213,-15.715,4.463,26.18,48.24100000000001,-101.24600000000001,-8.371,JDW.L,L,,,,,-3.003,,,852.2510000000001,,165.30900000000003,,123.102,-926.403,,18.804000000000002,2975.428,,,,,,,,,,,,,,,,,,,,,,,,,,,,,,,,,,,934.0,934.0,896.5,919.0,,1596697200,175444,JDW.L,L
SYNC.L,2020-03-31,9.131,,0.017,0.017,767.9989999999999,,,,,1267.703,,0.0,,6.379,,18.54,,0.0,,,478.542,1.87827,1276.851,663.6655400000001,9.148,11.77,0.0,1246.5410000000002,,30.31,1276.851,0.0,9.131,,,,661.1941099999999,-0.13669,,,-90.376,-90.376,-90.376,-90.376,,,,-72.506,17.87,17.87,,,,,,0.0,15.404000000000002,-15.4,-6.72,,,,,,0.0040000000000000036,-90.376,81.69599999999998,15.404000000000002,0.0,SYNC.L,L,,,,,,,,,,5.391,,,,,,,,,,,,,,,,,,,,,,,,,,,,,,,,,,,,,,,,,257.0,269.1,257.0,266.5,,1596697200,381489,SYNC.L,L
GYS.L,2019-12-31,13.142000000000001,4.685,,100.29899999999999,10.867,4.727,53.208999999999996,484.524,530.319,,5.216,0.0,6.324,46.99,13.729000000000001,22.724,,35.711999999999996,,31.624000000000002,435.41,-5.0065800000000005,1211.492,108.66525,165.92,122.64200000000001,552.953,464.691,,746.801,1211.492,548.226,48.854,,24.444000000000003,24.563000000000002,109.059,0.032,128.661,-5.105,0.599,0.599,2.211,7.316,,1.6119999999999999,,153.105,92.334,121.34499999999998,4.448,,-6.139000000000001,6.412999999999999,-1.1669999999999998,-7.348000000000013,-6.1389999999999825,20.649999999999988,-17.47,24.563,-6.412999999999999,-4.76,-2.2059999999999893,1.271,2.4030000000000005,0.5990000000000002,12.682,0.0,,GYS.L,L,100.29899999999999,,,,,,,0.0,,21.561999999999998,,49.363,,524.2080000000001,10.443,,,,,,,,,,,,,,,,,,,,,,,,,,,,,,,,,,,,1012.0,1018.0,981.0,981.0,,1596697200,226491,GYS.L,L
FSJ.L,2019-12-31,213.7,26.5,18.5,18.5,12.6,9.2,4.7,29.7,207.4,9.9,,11.0,,11.2,-10.6,10.6,4.5,0.0,158.0,237.7,284.7,1.9483099999999998,747.4,50.3,280.1,189.4,248.9,313.2,47.9,434.2,747.4,228.7,213.7,,227.5,1.6,50.499959999999994,0.57624,102.7,-3.9,19.7,19.8,26.9,31.1,-0.3,7.1,,330.2,60.5,71.60000000000002,9.1,,-53.10000000000001,3.1,5.5,26.0,-55.8,31.8,-29.4,21.3,-4.699999999999998,-0.9,36.8,-0.3999999999999999,1.1,26.9,13.0,-2.6999999999999997,-5.699999999999998,FSJ.L,L,,0.8,0.1,0.0,,0.4,-0.1,,,,,,,185.5,,,,,,,,,,,,,,,,,,,,,,,,,,,,,,,,,,,,,1104.0,1148.0,1100.0,1100.0,,1596697200,26806,FSJ.L,L
TED.L,2020-01-25,67.271,10.555,52.912,52.912,2.228,216.38099999999997,3.588,42.265,0.0,5.088,,0.0,0.203,1.095,6.327999999999999,,18.272000000000002,6.804999999999992,99.291,276.46299999999997,129.52,1.9433900000000002,600.942,54.73208,258.85400000000004,316.767,348.337,148.631,131.66299999999998,452.311,600.942,131.95600000000002,74.07600000000001,,150.45,,54.73191,0.42907,176.2,-11.745,-49.882,-49.882,-56.863,-45.118,,-6.981,,326.65,157.89,221.318,63.226000000000006,1.89,-8.919,2.303,2.136,18.480999999999998,-15.698,57.11,13.624,27.37200000000001,-4.256,-3.751,26.214,0.0,56.141999999999996,-49.88200000000001,64.10600000000001,-6.779,-3.4769999999999968,TED.L,L,,,,,,,,0.20199999999999999,,,,,-52.461000000000006,,,201.495,,,,,,,,,,,,,,,,,,,,,,,,,,,,,,,,,,,72.6,77.95,71.842,74.2,,1596697200,1203139,TED.L,L
CTEC.L,2019-12-31,300.7,70.7,385.8,385.8,242.9,59.2,107.8,1101.3,1445.3,,,0.0,,48.8,-99.1,28.3,68.5,0.0,289.3,406.1,1357.3,-0.30546999999999996,3609.8,1983.51385,968.3,397.3,1574.6,1561.0,281.8,2048.8,3609.8,1515.4,300.7,,441.9,,1975.47315,-0.013969999999999998,496.4,-43.9,-34.7,-34.7,-42.4,3.3,-1.8,-7.7,30.1,938.3,357.5,493.1,,76.5,-29.9,18.5,20.5,-152.0,-41.7,207.8,6.0,29.7,,-4.3,-117.2,-14.0,9.800000000000004,-34.7,130.3,-11.8,-20.800000000000004,CTEC.L,L,,,,-10.8,,,,105.5,,,,,,1065.6,,,,,,,,,,,,,,,,,,,,,,,,,,,,,,,,,,,,,199.5,207.291,195.9,195.9,,1596697200,7432747,CTEC.L,L
GCP.L,2020-03-31,,944.5219999999999,30.469,30.469,8.783999999999999,,,,,1089.0,,152.395,,0.446,,,,,,,11.379000000000001,1.09827,1119.655,878.3684900000001,,,152.395,964.685,,154.97,1119.655,0.0,0.18600000000000003,,4.306,,878.0176,0.0196,21.089000000000002,-2.513,17.21,17.21,17.21,19.723,,,,25.395,,1.3659999999999997,,,,2.465,,-47.086000000000006,,75.078,35.028,,-2.465,,-12.0,-0.028999999999999998,27.991999999999997,19.723,20.327,,-32.592,GCP.L,L,,,,,,,,1.3659999999999999,,2.129,,,,,,,,,,,,,,,,,,,,,,,,,,,,,,,,,,,,,,,,,115.6,117.89,115.6,117.0,,1596697200,301157,GCP.L,L
CWK.L,2020-03-28,213.6,98.5,21.5,21.5,5.2,10.3,7.2,207.3,102.5,,,0.0,43.4,12.1,0.1,1.9,7.2,0.7000000000000172,191.4,426.3,510.7,7.790019999999999,995.5,52.272,354.7,213.8,168.4,614.5,75.5,381.0,995.5,158.1,214.3,,776.2,2.1,52.297,1.86464,121.0,-1.8,44.8,44.8,56.6,58.4,,11.8,,897.2,63.3,62.5999999999999,-2.8,2.1,-45.5,2.6,11.8,-5.600000000000001,-70.10000000000001,76.1,-13.099999999999998,30.6,-2.7,,2.0,2.1,0.4,44.8,11.7,-24.6,-7.000000000000003,CWK.L,L,,,,,,,,,,,,,-8.9,,,77.5,,,,,,,,,,,,,,,,,,,,,,,,,,,,,,,,,,,3652.0,3678.0,3608.0,3608.0,,1596697200,55747,CWK.L,L
FDM.L,2020-06-30,36.365,9.705,,58.281000000000006,1.092,5.943,,20.159000000000002,,,,0.0,,2.2359999999999998,2.291,,1.4780000000000002,2.009999999999998,,23.796,86.71799999999999,0.6561899999999999,148.47,109.19167,103.037,40.126999999999995,22.476999999999997,91.809,,56.661,148.47,16.534000000000002,38.375,,73.676,,109.191,0.14824,66.817,-0.355,16.187,16.187,21.159000000000002,21.514,,4.9719999999999995,,140.493,45.303000000000004,45.303000000000004,,,-0.479,0.389,6.78,-2.897,-0.479,24.121,0.331,3.2430000000000003,-0.42100000000000004,0.557,-2.641,0.165,21.302,21.159000000000002,-0.612,,0.0,FDM.L,L,58.281000000000006,,,-7.997000000000001,,,,,,1.013,,30.935,,,6.381,,,,,,,,,,,,,,,,,,,,,,,,,,,,,,,,,,,,998.0,1006.0,955.7610000000001,979.0,,1596697200,150030,FDM.L,L
TPK.L,2019-12-31,1239.7,545.6,207.9,207.9,25.2,158.7,62.7,332.6,583.3,8.6,0.0,0.0,,76.3,3.2,104.4,195.5,0.0,1613.9,2158.8,2045.0,3.58985,6440.0,248.19977999999998,2385.4,1848.9,1995.6,2582.7,937.8,3857.3,6440.0,1836.9,1239.7,14.5,,4.9,248.03117000000003,0.45035,,-46.2,110.6,104.7,160.0,208.4,-2.2,55.3,,4184.3,,3975.9,32.8,15.0,-73.19999999999997,49.3,22.8,-141.5,-28.5,238.6,-72.69999999999997,139.8,-19.8,,-90.3,6.4,68.6,221.7,-65.2,44.7,-37.8,TPK.L,L,,4.4,,-50.8,,,-0.6,3938.2,,,,,,1359.1,,,,,,,,,,,,,,,,,,,,,,,,,,,,,,,,,,,,,1155.0,1181.0,1147.0,1160.5,,1596697200,805711,TPK.L,L
CSH.L,2020-03-31,8.574,292.405,,41.428999999999995,6.225,59.73,,,209.44,867.988,10.755,0.0,16.945,,,0.478,,0.0,7.742999999999999,,371.934,1.07728,947.955,622.46138,69.212,67.473,269.17,670.564,,277.39099999999996,947.955,209.44,8.574,,0.259,,621.74622,0.032639999999999995,23.177,-4.005,20.296,20.296,20.296,24.461,-0.16,0.0,,23.436,4.955,-1.2839999999999998,,,,3.0650000000000004,,23.555999999999997,-45.518,15.937,-2.255,,-3.318,,44.053000000000004,-0.6990000000000001,-6.025,20.296000000000006,-2.104,-45.518,-16.480000000000004,CSH.L,L,41.428999999999995,,,,,-6.239,,,,,,,,,2.2640000000000002,,,,,,,,,,,,,,,,,,,,,,,,,,,,,,,,,,,,112.8,113.6,112.8,113.6,,1596697200,720668,CSH.L,L
FRES.L,2020-06-30,218.592,1153.817,,514.659,368.546,5.176,273.33099999999996,,801.7719999999999,143.124,0.0,0.0,28.54,9.185,0.603,218.671,668.6160000000001,148.96,170.017,2700.901,1543.5910000000001,4.25484,4755.719,736.89359,1243.078,192.84799999999998,814.6310000000001,3135.361,315.274,1620.358,4755.719,809.455,367.55199999999996,68.804,726.877,,736.8939999999999,0.09122999999999999,327.306,-89.87899999999999,64.525,56.501000000000005,127.881,216.877,0.883,71.38,50.736999999999995,1054.183,52.236999999999995,110.42900000000007,6.122000000000001,,-181.958,19.723,63.983999999999995,-87.084,-159.186,422.51800000000003,-33.726,252.41099999999997,-19.695999999999998,1.835,20.349,,178.083,56.501000000000005,192.582,22.772,-87.73700000000001,FRES.L,L,1.49,126.053,,,,,8.024,1.3330000000000002,,,513.169,8.47,,,17.053,,,,,,,,,,,,,,,-45.25,,,,,,,,,,,,,,,,,,,,,1330.5,1345.9399,1299.0,1334.0,,1596697200,1581871,FRES.L,L
ASL.L,2020-06-30,1.982,,,0.034,0.895,0.0,,,19.813,907.342,,3.14,,0.145,,,,0.0,,,884.727,9.89156,909.3580000000001,89.53307,2.016,3.923,22.953000000000003,885.622,,23.736,909.3580000000001,19.813,1.982,,3.991,,89.53307,-5.5499,-494.55699999999996,-0.389,-496.9,-496.9,-496.9,-496.51099999999997,,0.0,,-490.566,,1.954,,,,0.539,,-17.567,10.489,3.785,3.785,,-0.539,,6.25,0.0,-3.293,,,10.489,-23.278000000000002,ASL.L,L,0.034,,,,,,,1.954,,0.638,,,,,,,,,,,,,,,,,,,,,,,,,,,,,,,,,,,,,,,,,834.0,848.0,831.0,838.0,,1596697200,131091,ASL.L,L
HYVE.L,2020-03-31,36.442,60.695,89.947,89.947,8.158,21.488000000000003,33.229,280.94,229.679,46.996,,0.0,0.0,127.491,-61.732,2.3169999999999997,4.393,9.842999999999996,,20.438,170.53099999999998,-3.1099799999999997,653.395,81.57803,152.997,173.183,267.567,174.865,,478.53,653.395,246.079,46.285,,63.424,14.023,138.05708,0.06829,32.839,5.349,-164.804,-163.851,-163.97099999999998,-168.373,-0.9470000000000001,-0.12,,96.26299999999999,19.8,201.212,171.012,,-1.189,4.044,2.1790000000000003,132.09,-98.664,22.914,6.034,16.971,-6.504,0.58,99.166,52.434,56.92,-168.373,168.282,-97.475,-13.005999999999998,HYVE.L,L,,23.721999999999998,,-2.787,,-3.5239999999999996,-0.953,-0.099,,7.19,,17.014,,147.631,16.765,,,,,,,,,,,,,,,,,,,,,,,,,,,,,,,,,,,,87.0,90.6,84.3,89.8,,1596697200,674301,HYVE.L,L
GRG.L,2020-06-27,23.5,14.8,52.9,122.9,2.0,54.5,,16.0,,,,150.0,,5.6,,21.9,4.7,4.899999999999999,,618.3,267.0,2.6432900000000004,811.1,101.31300999999999,172.1,280.8,429.1,283.8,20.8,527.3,811.1,224.6,28.4,,122.2,,100.80018000000001,-0.47827,178.4,-3.0,-53.8,-53.8,-65.2,-62.2,,-11.4,,300.6,239.9,240.6,0.7,2.0,-37.3,3.3,5.7,133.4,-106.2,-65.6,-68.0,53.5,,,131.2,2.2,-38.4,-53.8,0.7,-68.9,0.0,GRG.L,L,,,,,,,,,,70.7,70.0,,,,,,,,,,,,,,,,,,,,,,,,,,,,,,,,,,,,,,,,1353.0,1360.0,1296.0,1314.0,,1596697200,887638,GRG.L,L
HFG.L,2019-12-29,214.611,64.251,110.514,110.514,8.173,73.812,4.1160000000000005,69.539,175.37,11.758,0.662,0.0,,2.4290000000000003,0.255,3.318,2.27,0.0,321.77099999999996,404.855,109.411,1.42784,905.546,81.725,416.462,398.01199999999994,381.972,186.229,91.337,719.317,905.546,308.16,214.611,,775.324,,81.711,0.23085,127.27600000000001,-6.297999999999999,18.863,19.824,23.293000000000003,29.590999999999998,,3.469,,902.6,100.73,97.68500000000006,,,-42.53600000000001,6.316,2.4290000000000003,10.559000000000003,-39.45,62.10900000000001,62.10900000000001,,4.064,-1.89,11.024,0.374,31.328000000000007,,,3.0860000000000003,-4.902999999999999,HFG.L,L,,5.711,,,,-3.045,-0.961,,,,0.0,,,,,,4.138999999999999,,,,,,,,,,,,,,,,,,,,,,,,,,,,,,,,,,1152.0,1174.0,1128.0,1152.0,,1596697200,33587,HFG.L,L
SAFE.L,2020-04-30,27.4,60.6,14.6,14.6,2.1,12.2,73.2,,436.8,1469.6,0.2,0.0,0.8,2.5,11.1,1.2,1.6,0.0,49.9,84.6,879.8,4.53147,1599.1,210.43922,43.1,64.6,518.7,953.6,0.3,645.5,1599.1,506.5,27.4,,27.5,,211.2,0.42546999999999996,51.8,-6.1,89.5,89.5,99.7,105.8,0.0,10.2,,79.3,9.6,-54.0,0.4,,-0.6,7.4,2.6,-3.4,-51.0,35.7,-8.7,0.4,-0.5,0.1,18.9,0.0,-18.6,99.7,-55.7,-50.4,-21.8,SAFE.L,L,,,,,,-64.0,,,,,,,,,,,,,,,,,,,,,,,,,,,,,,,,,,,,,,,,,,,,,763.0,784.0,756.0,784.0,,1596697200,340457,SAFE.L,L
IHP.L,2020-03-31,,5.722,131.668,136.762,3.313,2.379,0.528,12.950999999999999,,,2.242,0.0,15410.188999999998,15419.93,-0.175,89.79799999999999,60.97,,,7.047999999999999,111.789,0.32343,15646.35,331.32201000000003,15563.139,15431.108,7.186,120.109,,15526.241000000002,15646.35,4.8069999999999995,3.2319999999999998,,3.8819999999999997,1.2,331.3,0.06799,49.942,0.09,22.489,22.489,3.0260000000000002,2.9360000000000004,,-19.463,,53.824,21.436999999999998,47.006,0.057,,-0.314,0.126,8.099,-19.577,-1.1540000000000001,20.229,15.229000000000001,1.25,-0.986,-0.17,-1.111,-0.265,-0.672,3.0260000000000002,0.7240000000000001,-0.84,-17.215,IHP.L,L,,,,-0.54,,,,24.311999999999998,,2.188,5.093999999999999,6.611000000000001,,,12.956,,,,,,,,,,,,,,,,,,,,,,,,,,,,,,,,,,,,546.0,555.0,544.0,544.0,,1596697200,203823,IHP.L,L
LIO.L,2020-03-31,175.532,57.43899999999999,40.294000000000004,43.111000000000004,0.555,,6.44,37.922,,,,0.0,,1.579,,,,0.0,181.69299999999998,7.85,36.428000000000004,0.55865,284.041,55.51206,218.643,183.27200000000002,5.769,88.56,,195.481,284.041,5.769,175.532,,10.226,3.968,56.42889,0.18688,60.701,-0.124,5.388,5.388,7.205,7.329,,1.817,,70.92699999999999,41.733000000000004,53.372,6.897,,-0.174,,0.0,-8.493,3.367,17.651,17.651,,,,,-3.8489999999999998,12.525,,,3.5410000000000004,-4.872,LIO.L,L,,,,,,0.774,,,,,2.8169999999999997,,,19.625999999999998,,,-5.862,,,,,,,,,,,,,,,,,,,,,,,,,,,,,,,,,,1315.0,1340.0,1280.0,1310.0,,1596697200,36437,LIO.L,L
TIFS.L,2019-12-31,574.5,2.2,,412.6,6.8,31.1,128.5,1182.2,1148.5,19.2,21.6,0.0,18.4,93.4,,171.0,25.1,13.700000000000045,611.2,876.4,1155.6,-0.03383,3510.8,520.26914,1386.3,735.7,1317.6,1164.6,367.1,2346.2,3510.8,1286.5,588.2,,1461.8,,519.7,0.16517,241.2,-27.2,83.1,84.7,108.3,135.5,0.0,23.6,,1703.0,104.6,105.70000000000003,0.0,,-71.1,31.4,34.1,-32.29999999999998,-70.7,228.2,-21.30000000000001,113.5,0.0,1.1999999999999995,-16.599999999999994,,126.4,84.69999999999997,51.3,0.4000000000000001,-15.700000000000005,TIFS.L,L,411.7,24.5,,,,0.4,-1.6,0.7,,,0.9,,,,,,,,,,,,,,,,,,,,,,,,,,,,,,,,,,,,,,,,177.0,183.2,172.0,175.0,,1596697200,357660,TIFS.L,L
AVV.L,2020-03-31,352.0,574.5,114.5,114.6,5.7,16.6,119.9,514.8,,,4.4,0.0,,187.1,22.5,11.5,34.0,20.19999999999999,,107.1,1351.1,0.8123199999999999,2475.4,161.51221999999999,519.4,349.0,69.9,1941.7,,533.7,2475.4,53.3,372.2,,97.8,46.4,161.87706,0.37740999999999997,344.1,-1.5,51.8,51.8,68.0,69.5,,16.2,60.6,441.9,156.1,274.6,11.5,45.6,-11.900000000000002,3.0,11.699999999999996,-55.8,-9.7,106.2,-19.3,14.3,-3.0,-4.8,-27.8,0.0,35.90000000000001,51.8,13.8,2.1999999999999997,-25.0,AVV.L,L,,,,-12.1,,,,,,27.7,0.1,117.6,,1295.7,32.6,,,,,,,,,,,,,,,,,,,,,,,,,,,,,,,,,,,,4374.0,4404.0,4300.0,4300.0,,1596697200,157180,AVV.L,L
JMG.L,2019-12-31,1.335,173.657,3.862,3.862,33.091,,,,,1338.4660000000001,,0.0,,0.001,,,,0.0,2.26,,1134.654,11.11288,1343.6629999999998,120.70696000000001,5.197,2.261,0.0,1341.402,,2.261,1343.6629999999998,0.0,1.335,,5.566,,121.39303999999998,0.43305,53.961999999999996,,52.568999999999996,52.568999999999996,53.248000000000005,53.248000000000005,,0.679,,59.528,0.7140000000000001,0.7140000000000004,,,,,-0.087,-24.936,18.454,4.4,4.4,,,-0.003,,-14.040999999999999,-2.085,,,18.454,-10.895,JMG.L,L,,,,,,,,,,,,,,,,,,,,,,,,,,,,,,,,,,,,,,,,,,,,,,,,,,,1072.0,1076.0,1064.0,1076.0,,1596697200,352947,JMG.L,L
HGT.L,2019-12-31,63.227,194.774,,189.28900000000002,10.186,,,,,788.013,,0.0,,,,,,0.0,,,834.3380000000001,2.5509,1040.529,407.42481000000004,252.516,1.2309999999999999,0.0,1039.298,,1.2309999999999999,1040.529,0.0,63.227,,,,373.934,0.15861,,,59.31,59.31,59.39,59.39,,0.08,,60.961000000000006,1.869,1.571,,,,,-0.024,4.435000000000001,1.9649999999999963,-5.051,-9.207,,-0.42200000000000015,,,12.104000000000001,1.3490000000000002,59.09200000000001,-54.93599999999999,1.9649999999999963,-7.247000000000001,HGT.L,L,4.558,,,,,-0.298,,,,,184.731,1.2309999999999999,,,,,,,,,,,,,,,,,,,,,,,,,,,,,,,,,,,,,,,252.0,257.99,246.5,253.5,,1596697200,1431249,HGT.L,L
AVST.L,2019-12-31,78.9,280.7,216.6,217.8,136.0,65.5,36.2,193.3,969.5,0.8,,0.0,33.3,432.4,1.3,115.3,209.0,22.0,65.1,105.5,698.9,-1.05921,2865.9,1008.02004,366.0,563.0,1092.5,1116.9,0.4,1749.0,2865.9,1027.0,100.9,,103.1,6.3,1026.82913,0.12865,342.6,-13.0,136.1,136.3,170.7,182.7,1.0,34.4,43.7,445.7,109.8,159.9,0.1,40.89999999999999,-26.7,21.3,30.200000000000006,-115.5,-30.0,222.6,-24.00000000000001,9.4,32.6,0.09999999999999963,-132.10000000000002,27.300000000000004,77.2,136.3,59.99999999999999,-3.3000000000000007,-43.3,AVST.L,L,,7.5,,,,,-0.2,,,,1.2,,,1991.3,13.6,,,,,,,,,,,,,,,,,,,,,,,,,,,,,,,,,,,,581.5,588.5,570.0,571.5,,1596697200,1131796,AVST.L,L
PETS.L,2020-03-26,55.9,,79.1,79.1,5.0,83.7,0.4,25.2,163.3,,,0.0,1.5,6.6,-2.9,7.1,20.9,0.0,196.6,542.3,928.9,-0.1508,1768.9,500.0,199.3,286.9,627.2,931.0,62.8,837.9,1768.9,543.5,55.9,,262.443,,515.313,0.08114,250.019,-7.82,41.824,41.824,51.893,59.713,,10.068999999999999,,512.462,190.417,190.30600000000004,-0.111,,-23.967,7.732999999999999,10.592000000000002,-65.70000000000002,-24.168,124.255,12.107000000000001,51.27,-7.694000000000001,,-45.825,0.14800000000000013,34.387,41.82400000000001,19.054,-0.20099999999999876,-12.329,PETS.L,L,,,,,,,,,,,,,-261.8,981.2,,804.1,,,,,,,,,,,,,,,,,,,,,,,,,,,,,,,,,,,312.0,316.4,298.0,298.0,,1596697200,1301768,PETS.L,L
HSX.L,2019-12-31,,254.5,212.7,,34.1,,0.4,278.0,728.8,5547.6,1561.0,0.0,,62.0,-326.3,55.1,76.9,,,128.4,2226.3,6.620589999999999,12550.8,288.58449,,,800.2,2188.6,,10362.2,12550.8,800.2,,,,21.9,284.684,-0.33792,,,-96.2,-96.2,-114.9,-114.9,,-18.7,,,641.8,1539.6,,,-54.9,32.5,0.8999999999999986,-38.6,-54.9,91.8,223.6,21.9,,7.1000000000000005,-8.7,1.5,5.400000000000006,-114.9,-38.80000000000001,,-31.39999999999999,HSX.L,L,903.2,,,,,18.4,,-34.8,,1348.9,,,,,,,,,,,,3386.9,8094.5,,892.3,77.3,-1.7,1295.136,1.1,,,,,,,,,,,,,,456.1,,,,,,,,789.0,806.0,775.6,806.0,,1596697200,761735,HSX.L,L
CARD.L,2020-01-31,10.8,202.2,5.5,5.5,3.4,40.8,,6.0,144.0,,,3.5,1.1,7.5,-0.5,1.3,3.2,0.0,45.0,174.0,16.4,-0.28774,568.8,341.6264,71.8,96.8,293.5,221.5,54.4,347.3,568.8,249.2,10.8,,164.6,,341.60126,0.10363,91.3,-4.2,32.4,32.4,40.9,45.1,,8.5,,255.9,,46.20000000000002,2.5,,-4.699999999999998,4.0,6.9,-81.9,-4.699999999999998,83.80000000000003,9.799999999999997,25.3,-4.0,,-50.9,,-2.8,40.90000000000001,7.799999999999999,0.0,-27.0,CARD.L,L,,,,,,,,43.7,-0.3,,,,-276.0,313.8,,450.0,,,,,,,,,,,,,,,,,,,,,,,,,,,,,,,,,,,41.15,43.35,41.05,42.3,,1596697200,331616,CARD.L,L
SIG.L,2019-12-31,205.4,1594.5,113.2,113.2,510.1,53.0,82.4,966.1,1141.0,41.9,45.8,0.0,358.1,306.7,-82.2,72.2,9.1,1.1999999999999886,354.6,1848.9,-323.0,-0.57213,4744.8,827.6161599999999,721.9,714.3,2322.8,1603.7,44.0,3141.1,4744.8,2269.8,206.6,,829.6,25.9,4324.25875,0.01175,168.2,-95.4,627.9,-5.8,-34.1,61.3,,-28.3,,997.8,43.8,106.89999999999998,41.8,42.0,-38.49999999999999,32.8,18.700000000000006,-1362.0,1154.1999999999996,193.7,-86.6,78.9,-111.5,10.7,-371.5,-2.0,-3.4000000000000004,73.80000000000003,85.6,1192.7,-877.0,SIG.L,L,,2.4,,-95.7,,-2.5,-0.2,-2.1,,,,,-89.3,1111.1,,1188.8,,,,,,,,,,,,,,,,,,,,,,,,,,,,,,,,,,,252.2,252.3,246.4,248.6,,1596697200,2282237,SIG.L,L
PFG.L,2019-12-31,33.3,273.2,,370.2,52.5,473.7,0.0,44.1,1500.0,,418.3,0.0,,49.2,,,103.0,1794.3,89.3,86.4,414.8,2.46725,2920.8,253.4,2197.8,612.2,2041.8,740.5,,2180.3,2920.8,1568.1,1827.6,,,,256.1,0.29129,,-35.5,63.8,63.8,91.2,126.7,,27.4,,474.4,187.0,347.7,0.0,8.799999999999997,-7.8,34.8,16.200000000000006,-154.70000000000005,-1.1000000000000014,72.3,-65.5,15.8,,,-132.2,0.0,-83.5,63.8,49.40000000000001,6.699999999999998,-22.5,PFG.L,L,353.6,,,,,,,160.7,,,16.6,,,71.2,,,,,,,,,,,,,,,,,,,,,,,,,,,,,,,,,,,,,185.0,188.1,181.438,183.1,,1596697200,606464,PFG.L,L
GNS.L,2019-12-31,96.8,179.0,,31.1,6.5,16.2,69.9,77.1,100.4,31.1,,0.0,46.6,13.8,15.7,35.2,2.7,3.0,86.7,415.4,295.1,4.79758,839.0,66.2,211.2,116.7,138.3,496.2,33.7,342.8,839.0,122.1,99.8,,,4.0,65.4,0.35631999999999997,,2.8,23.7,24.1,30.4,28.1,-0.5,6.3,,270.7,2.8,242.6,-0.5,6.4,-17.0,2.3,6.6,-8.8,-13.3,24.1,-10.2,10.5,,-1.4,3.4,0.0,0.6,24.1,-6.7,3.7,-12.2,GNS.L,L,31.1,-1.1,,-0.1,,,-0.4,236.3,,,,,-8.8,101.5,,346.8,,,,,,,,,,,,,,,,,,,,,,,,,,,,,,,,,,,3400.0,3444.0,3344.0,3344.0,,1596697200,75760,GNS.L,L
POG.L,2019-12-31,23.623,518.1419999999999,,48.153,49.003,5.372999999999999,112.566,53.123000000000005,609.4630000000001,49.56,0.556,0.0,,203.27700000000002,0.0,91.46700000000001,71.279,88.15899999999998,,1209.817,57.926,0.17278,1852.043,3310.2102800000002,467.708,395.215,622.641,625.071,307.77299999999997,1226.972,1852.043,617.268,111.78200000000001,,85.54299999999999,83.76799999999999,3310.23288,-0.0022199999999999998,350.718,-55.321999999999996,12.593,12.15,36.163000000000004,143.644,-52.159,24.013,,436.26099999999997,84.494,207.074,-30.655,,-85.92299999999999,34.465999999999994,16.165,5.7010000000000005,-91.11,94.383,-85.51599999999998,83.76799999999999,-6.0,0.040999999999999925,11.700999999999999,0.0,9.015,36.163000000000004,59.968,-5.187000000000005,,POG.L,L,14.181,10.456,,,,34.257,0.44299999999999995,35.21,,134.81799999999998,33.972,51.747,-1534.713,,,2744.53,,,,,,,,,,,,,,,,,,,,,,,,,,,,,,,,,,,35.0,36.8,34.8,36.6,,1596697200,17591657,POG.L,L
MYI.L,2019-12-31,14.78,361.98900000000003,,30.04,32.333,50.0,,,149.704,1701.5729999999999,,0.0,,7.6339999999999995,,,,0.0,,,1144.733,11.900030000000001,1746.3929999999998,129.332,44.82,57.63399999999999,199.704,1539.055,,207.338,1746.3929999999998,149.704,14.78,,5.825,,128.99115,0.18739,27.47,,24.171999999999997,24.171999999999997,26.459,26.459,,2.287,,33.295,,1.011,,,,2.176,0.537,-25.001,-0.753,33.268,29.241,,,-0.147,0.0,5.9220000000000015,7.367000000000001,28.702,-24.675000000000008,-0.753,-30.922999999999995,MYI.L,L,30.04,,,,,,,1.011,,,,,,,,,,,,,,,,,,,,,,,,,,,,,,,,,,,,,,,,,,,950.0,964.0,944.0,964.0,,1596697200,154183,MYI.L,L
888.L,2019-12-31,42.6,3.7,99.5,99.5,3.3,6.0,4.0,79.9,,0.9,0.6,17.7,,103.6,-2.1,,2.8,0.0,,46.3,160.5,-0.20551,433.1,368.34779,142.1,235.6,52.5,164.7,,268.4,433.1,28.8,42.6,,,10.8,367.85264,0.06443,,-4.4,21.9,21.9,23.1,27.5,,1.2,16.3,283.0,97.1,255.5,0.7,10.3,-11.2,0.8999999999999999,1.7999999999999998,-30.8,-18.30000000000001,37.89999999999999,-4.2,6.6,-0.8999999999999999,-0.3,-19.0,0.1,-11.5,23.1,2.1,-7.100000000000001,-11.0,888.L,L,,,,-0.7,,,,130.6,,28.4,,79.9,,160.5,,,,,,,,,,,,,,,,,,,,,,,,,,,,,,,,,,,,,191.2,193.31799999999998,184.6,192.2,,1596697200,370963,888.L,L
ICP.L,2020-03-31,201.8,179.9,,1099.7,77.2,252.8,1.9,26.7,4998.9,5503.2,,0.0,126.5,76.2,,41.5,23.9,22.799999999999986,336.0,13.4,1052.1,4.52733,7018.0,283.27969,1450.8,665.0,5251.7,1309.2,,5708.8,7018.0,4998.9,224.6,,29.2,,284.81354,-0.12499,80.4,-0.8,-35.6,-36.9,-38.9,-38.1,,-2.0,,109.6,118.5,118.5,,,-3.3999999999999995,,-13.5,447.5,-40.4,273.5,42.19999999999999,,-94.7,53.2,576.8,8.200000000000003,733.8,,,-37.0,-42.80000000000001,ICP.L,L,1086.9,1.5,,,,,1.3,,,,12.8,,,,,,,,,,,,,,,,,,,,,,,,,,,,,,,,,,244.8,,,,,,1368.0,1401.36,1359.0,1373.0,,1596697200,723198,ICP.L,L
PPH.L,2019-12-31,12.758,130.26,153.029,158.25,0.0,13.315999999999999,7.92,18.035999999999998,664.945,36.509,,0.0,3.5410000000000004,47.326,7.439,360.407,7.013999999999999,15.065,10.466,1331.651,243.233,8.461269999999999,1585.141,42.459340000000005,191.93099999999998,71.108,678.2610000000001,377.296,2.3169999999999997,1207.845,1585.141,664.945,27.823,,,20.733,42.413999999999994,0.65473,,-19.627,27.331,36.387,34.199,56.132,-2.005,-2.188,,202.419,0.9229999999999999,146.287,0.374,,-41.361999999999995,23.673,1.7890000000000001,-10.793,-41.458999999999996,54.907,-21.180999999999997,20.733000000000004,-3.746,-5.841,0.16499999999999915,,-3.1860000000000004,36.387,18.968,-0.09699999999999953,-7.211999999999998,PPH.L,L,,103.465,,-3.636,-0.301,,-9.056000000000001,124.257,,,5.221,,,,,,,,,,,,,,,,,,,,,,,,,,,,,,,,,,,,,,,,1055.0,1067.0699,1055.0,1065.0,,1596697200,8685,PPH.L,L
GAW.L,2020-05-31,19.6,13.1,52.9,52.9,1.6,8.3,,17.6,,,7.5,0.0,,4.5,,2.1,8.9,0.1999999999999993,30.3,73.9,119.0,3.51033,202.7,32.675,93.4,43.1,32.1,133.7,20.7,69.0,202.7,23.8,19.8,,43.784,5.489,32.674,0.73754,77.566,-0.025,23.846999999999998,23.846999999999998,30.816,30.840999999999998,,6.968999999999999,,121.35,47.36600000000001,46.725,,2.9530000000000003,-10.905999999999999,,5.041,-31.58,-10.892000000000001,61.731,16.996000000000002,9.829,,0.645,-5.4590000000000005,0.04200000000000004,19.904,30.840999999999998,1.112,0.014000000000000012,-26.173000000000002,GAW.L,L,,,,,,,,-6.13,,,,,,1.4,,,,,,,,,,,,,,,,,,,,,,,,,,,,,,,,,,,,,9350.0,9396.9697,9145.0,9165.0,,1596697200,137530,GAW.L,L
AGT.L,2020-03-31,,28.078000000000003,42.672,42.672,11.6,,,,73.91199999999999,745.951,,29.872,5.065,3.823,,,,,,,649.6709999999999,6.3520199999999996,796.956,108.52446,51.005,33.695,103.78399999999999,689.3489999999999,,107.60700000000001,796.956,73.91199999999999,3.2680000000000002,,4.78,,109.32715,-2.03982,-219.797,-2.069,-223.00799999999998,-223.00799999999998,-222.688,-220.61900000000003,,0.32,,-215.017,,0.8220000000000001,,,,,0.575,-26.467,5.8229999999999995,-1.403,-0.22399999999999998,,-0.192,-0.006,0.0,-10.421,-22.053,-222.688,221.50900000000001,5.8229999999999995,-15.854000000000001,AGT.L,L,,,,,,,,0.8220000000000001,,,,,,,,,,,,,,,,,,,,,,,,,,,,,,,,,,,,,,,,,,,706.0,714.0,696.0,710.0,,1596697200,60142,AGT.L,L
PSSL.L,2019-12-31,12.149000000000001,27.791999999999998,,70.884,0.863,,,,302.199,24.357,912.091,0.0,7.556,4.565,,,,0.0,,,689.59,9.65353,1040.932,74.40229000000001,104.484,20.488000000000003,302.199,718.245,,322.687,1040.932,302.199,12.149000000000001,,3.628,,73.90821,0.33704,40.929,-6.542999999999999,18.189,18.189,18.189,24.732,,0.0,,44.556999999999995,3.324,16.197,6.721,,,,,-131.702,89.12899999999999,62.74500000000001,39.056,,0.379,,-109.849,-4.3130000000000015,20.172000000000004,18.189,5.5,89.12899999999999,-17.919000000000004,PSSL.L,L,70.884,,,,,,,6.152,,,,15.923,,,13.895,,,,,,,,,,,,,,,,,,,,,,,,,,,,,,,,,,,,750.0,756.0,748.0,752.0,,1596697200,15166,PSSL.L,L
ROR.L,2019-12-31,129.39,14.520999999999999,117.61200000000001,117.61200000000001,4.363,4.752,10.745,40.848,0.802,,0.0,0.0,2.1959999999999997,58.754,,35.664,14.582,32.388000000000005,,89.06200000000001,520.516,0.31689,722.035,872.5519099999999,355.491,129.435,11.543,539.4,73.905,182.635,722.035,6.791,161.778,,184.658,,873.674,0.06458,166.05200000000002,-1.12,54.196999999999996,54.196999999999996,71.82300000000001,73.318,-0.375,17.625999999999998,,350.71,92.919,92.734,2.946,11.6,-9.903999999999998,1.2179999999999995,19.749000000000002,-44.044,-9.537,94.715,-1.6720000000000006,8.218000000000002,-1.2179999999999995,0.5269999999999999,-22.111999999999995,-0.6749999999999998,41.661,54.197,22.372,0.3669999999999999,-20.039,ROR.L,L,,,,,,,,-3.1310000000000002,,41.195,,24.734,,222.05200000000002,,,,,,,,,,,,,,,,,,,,,,,,,,,,,,,,,,,,,311.0,323.2,306.8,323.2,,1596697200,1596793,ROR.L,L
SMWH.L,2020-02-29,77.0,160.0,45.0,45.0,25.0,126.0,14.0,79.0,400.0,3.0,,45.0,1.0,0.0,-1.0,17.0,16.0,12.0,205.0,768.0,172.0,-1.33913,1620.0,115.0,323.0,377.0,1022.0,356.0,188.0,1264.0,1620.0,851.0,89.0,,,1.0,114.0,0.57018,,-8.0,47.0,48.0,63.0,71.0,0.0,15.0,,747.0,,676.0,16.0,,-41.0,6.0,24.0,281.0,-357.0,73.0,-81.0,78.0,-2.0,-1.0,179.0,151.0,-4.0,71.0,5.0,-316.0,-47.0,SMWH.L,L,,5.0,,,,,-1.0,659.0,,,,1.0,,431.0,,,,,,,,,,,,,,,,,,,,,,,,,,,,,,,,,,,,,914.5,999.5,876.5,999.5,,1596697200,1027477,SMWH.L,L
HSL.L,2019-11-30,,,1.679,1.679,18.676,,,,29.829,824.007,,37.169000000000004,,2.239,,,,,,,736.875,10.114230000000001,829.393,74.7018,5.386,44.013000000000005,66.998,755.551,,73.842,829.393,29.829,1.899,,5.229,,74.7018,0.69245,52.015,,51.727,51.727,51.727,51.727,,,,57.244,,0.28800000000000026,,,,0.731,,-4.239,,5.046,0.462,,,,8.082,,0.807,51.727,-47.143,,-12.321,HSL.L,L,,,0.00426,,,,,0.28800000000000003,,,,4.605,,,1.808,,,,,,,,,,,,,,,,,,,,,,,,,,,,,,,,,,,,766.0,779.14,754.0,771.0,,1596697200,74850,HSL.L,L
IGG.L,2020-05-31,347.0,125.8,486.2,626.7,,6.8,0.7,147.2,99.7,83.8,,,22.1,91.0,,,11.5,3.899999999999977,,46.4,810.1,2.13448,1299.7,369.50446,1010.8,240.9,129.0,935.9,,363.8,1299.7,122.2,350.9,,11.0,13.1,370.09649,0.5494899999999999,395.7,-1.2,158.0,158.0,194.7,195.9,,36.7,,406.7,98.0,199.8,55.9,,-8.4,3.5000000000000004,25.6,-74.70000000000002,-4.300000000000002,142.0,259.1,,-3.5000000000000004,6.800000000000002,-23.4,0.0,69.80000000000001,,,4.1000000000000005,-47.79999999999998,IGG.L,L,,,0.04,,,,,32.8,,143.1,140.5,,,,11.1,,,,,,,,,,,,,,,,,,,,,,,,,,,,,,,,,,,,734.0,749.5,729.5,735.0,,1596697200,674337,IGG.L,L
AAF.L,2020-03-31,132.0,0.0,1010.0,1377.0,3420.0,628.0,69.0,486.0,2446.0,4.0,39.0,235.0,159.0,1209.0,,71.0,452.0,0.0,,2730.0,-32.0,-0.27699999999999997,9325.0,3758.1515,1671.0,2488.0,4279.0,3388.0,3.0,5937.0,9325.0,3416.0,132.0,,,179.0,3759.71331,0.01687,,-148.0,65.0,77.0,97.0,244.0,1.0,20.0,,917.0,,673.0,-2.0,,-427.0,142.0,45.0,-726.0,-431.0,791.0,10.0,313.0,-139.0,-2.0,-471.0,-3.0,-368.0,282.0,186.0,-4.0,-113.0,AAF.L,L,6.0,-107.0,,,,,-12.0,496.0,,416.0,361.0,,-1446.0,3943.0,,4176.0,,,,,,,,,,,,,,,,,,,,,,,,,,,,,,,,,,,56.4,58.074,55.5,55.5,,1596697200,978683,AAF.L,L
EWI.L,2020-04-30,8.646,198.988,25.335,25.335,3.0989999999999998,49.356,,,,659.429,,0.0,,,,,,0.0,3.95,,438.017,2.0653599999999996,693.41,309.9237,33.981,53.306000000000004,49.356,640.104,,53.306000000000004,693.41,0.0,8.646,,2.62,,305.46903,0.28834,88.47200000000001,,88.079,88.079,88.10799999999999,88.10799999999999,,0.028999999999999998,,91.09200000000001,0.364,0.3639999999999999,,,,0.789,0.024,14.117,-0.18899999999999997,-2.454,-0.736,,,0.519,0.0,14.117,11.993,88.10799999999999,-89.82600000000001,-0.18899999999999997,,EWI.L,L,,,,,,,,,,,,,,,,,,,,,,,,,,,,,,,,,,,,,,,,,,,,,,,,,,,274.0,276.83299999999997,273.5,275.5,,1596697200,619960,EWI.L,L
UTG.L,2020-06-30,62.1,2160.3,557.6,557.6,99.5,5.4,,,1845.6,4733.1,,0.0,,0.0,-20.8,24.6,24.3,0.0,114.6,5.0,1034.3,8.2209,5388.0,398.168,625.6,120.0,1949.8,3273.3,5.9,2114.7,5388.0,1944.4,62.1,,27.5,,364.05400000000003,-0.18963,95.1,-40.1,-74.3,-74.9,-73.9,-33.8,,1.0,,122.6,,128.9,8.1,,-0.9,12.9,,551.5,-106.8,26.0,26.0,,-18.5,,279.7,293.7,470.7,,,-105.9,-3.4,UTG.L,L,,25.7,,,,105.8,0.6,15.0,,,,,,,,,,,,,,,,,,,,,,,,,,,,,,,,,,,,,,,,,,,950.0,965.0,944.0,957.5,,1596697200,492895,UTG.L,L
BAKK.L,2019-12-28,105.7,,25.9,25.9,11.6,46.9,28.5,2.7,340.5,12.6,,0.0,0.0,13.1,27.0,15.2,36.9,15.399999999999993,146.0,553.7,535.0,-0.13859000000000002,1479.1,579.42559,222.0,452.0,456.7,573.6,64.4,905.5,1479.1,409.8,121.1,,697.0,,584.01,0.05822000000000001,265.9,-15.7,19.7,19.7,24.3,40.1,-0.1,4.6,,962.9,218.7,225.79999999999995,7.2,0.3,-54.50000000000001,9.400000000000002,6.0,-19.5,-53.8,71.5,-2.599999999999998,30.9,,-0.7,-7.900000000000006,,-2.5,40.10000000000001,2.8,0.6999999999999993,-11.599999999999998,BAKK.L,L,,,,,,-0.1,,,,244.4,,1.6,-446.6,651.2,10.6,1000.3,,,,,,,,,,,,,,,,,,,,,,,,,,,,,,,,,,,64.9,66.175,64.6,65.9,,1596697200,31336,BAKK.L,L
FOUR.L,2019-12-28,52.898999999999994,68.45100000000001,41.136,41.136,18.842,1.63,0.968,1.1520000000000001,,,,0.0,,0.0,,12.305,4.338,0.14000000000000054,59.208999999999996,26.354,-21.316,2.20028,137.475,28.08553,105.631,60.839,2.045,62.948,11.456,74.527,137.475,0.415,53.038999999999994,,,,28.12,0.9728,,0.387,27.355,27.355,34.548,34.336,-0.175,7.193,,455.787,,421.45099999999996,0.0,0.21899999999999997,-4.002000000000002,,7.063,-9.298,-4.002000000000002,11.628999999999998,-23.943,1.9680000000000002,,0.14700000000000002,-0.8660000000000001,-1.2860000000000005,-1.524000000000001,34.336,-0.951,0.0,-7.145999999999999,FOUR.L,L,,,,-3.029,,,,421.45099999999996,,,,,,,,,,,,,,,,,,,,,,,,,,,,,,,,,,,,,,,,,,,2395.0,2430.0,2325.0,2395.0,,1596697200,20923,FOUR.L,L
CSP.L,2020-03-31,234.2,,172.2,172.2,4.5,4.8,10.4,165.8,298.2,41.9,18.3,0.0,,154.5,,139.5,4.5,13.600000000000026,,45.2,882.6,1.60289,1737.1,450.0,1461.4,372.9,329.7,887.1,1041.4,850.0,1737.1,324.9,247.8,,401.6,5.1,450.9,0.08338999999999999,79.6,6.2,36.4,36.4,43.7,41.0,-3.5,7.3,,481.2,33.3,38.599999999999966,0.2,6.1,-4.9,1.9,45.4,248.3,-4.8,-146.9,-198.4,4.2,,,294.5,0.0,96.6,43.7,-2.5,0.1,-46.2,CSP.L,L,,2.3,,,,,0.0,,,84.3,0.0,129.3,,,,,,,,,,,,,,,,,,,,,,,,,,,,,,,,,,,,,,,292.0,302.2,286.2,294.0,,1596697200,1327622,CSP.L,L
GFRD.L,2019-06-30,675.5,197.7,591.2,591.2,55.5,98.2,0.0,11.8,100.0,108.6,238.4,449.6,,412.7,,103.8,8.3,4.899999999999976,,16.2,498.5,5.22639,2765.1,111.03262,2222.2,1809.6,647.8,751.7,876.7,2013.4,2765.1,100.0,680.4,,1229.8,,110.7345,0.59241,137.4,-1.2,43.3,43.3,50.9,54.1,-2.0,7.6,,1367.2,76.1,83.29999999999995,17.6,,-0.7000000000000002,11.400000000000002,2.8999999999999995,-24.90000000000001,-10.7,19.6,-17.099999999999994,3.4,,,0.0,0.6,-16.0,74.5,-41.2,-10.0,-25.50000000000001,GFRD.L,L,,,,,,-10.4,,,,309.7,,539.4,,159.6,73.9,,,,,,,,,,,,,,,,,,,,,,,,,,,,,,,,,,,,99.98,103.98,95.846,99.0,,1596697200,457362,GFRD.L,L
PNN.L,2020-03-31,185.8,227.0,665.9,665.9,171.3,59.9,261.6,1.2,2235.6,0.0,,0.0,2.7,42.0,296.7,949.5,2686.0,1.8999999999999773,,3171.8,1017.0,3.9628400000000004,6762.5,421.03655999999995,861.2,184.4,3714.8,1712.0,4.9,5050.5,6762.5,3654.9,187.7,,14.9,119.8,422.1,0.29045,621.8,-41.6,207.4,122.5,193.1,237.6,-2.9,70.6,,636.7,70.0,384.2000000000001,7.9,2.2,-138.7,59.7,25.8,106.9,-140.60000000000002,186.6,-94.3,96.5,0.0,,105.9,1.0,152.9,72.80000000000003,109.4,-1.9000000000000004,0.0,PNN.L,L,,0.1,,,,,1.1,186.5,-7.0,64.2,,18.3,,42.3,,,,,,,,,,,,,,,,,,,,,,,,,,,,,,,,,,,,,1049.5,1058.0,1033.0,1053.5,,1596697200,648963,PNN.L,L
CCL.L,2020-05-31,604.0,9683.0,6881.0,6881.0,367.0,2373.0,,1168.0,14870.0,,,3562.0,1.0,2618.0,-1961.0,2249.0,1085.0,0.0,,38552.0,21155.0,24.91029,49817.0,758.0,8222.0,11858.0,20805.0,20840.0,362.0,28977.0,49817.0,14870.0,604.0,,1896.0,577.0,721.0,-4.30589,-1156.0,-176.0,-4374.0,-4374.0,-4385.0,-4177.0,-32.0,-11.0,,740.0,492.0,3021.0,1953.0,,-342.0,,,8336.0,-95.0,-2721.0,-1024.0,577.0,-31.0,8.0,8154.0,558.0,5528.0,-4374.0,2100.0,247.0,-345.0,CCL.L,L,,,,-8404.0,,,,-1.0,,1809.0,,1496.0,,790.0,374.0,,,,,,,,,,,,,,,,,,,,,,,,,,,,,,,,,,,,883.0,898.3789999999999,840.6,871.8,,1596697200,2283621,CCL.L,L
HTG.L,2019-12-31,176.1,153.0,62.0,129.1,67.3,11.4,0.8,78.5,3.9,2.3,0.7,0.0,,12.7,56.5,7.9,31.9,4.200000000000017,121.2,391.4,931.1,5.38636,1417.1,166.94008,682.1,145.3,50.7,1207.9,350.8,209.2,1417.1,39.3,180.3,,330.3,14.0,166.1,0.22938000000000003,120.8,-0.2,9.9,11.0,5.5,5.7,,-5.5,,451.1,,115.09999999999997,19.0,14.0,-22.200000000000006,0.5,4.1,-14.799999999999995,-30.6,84.29999999999998,23.6,23.6,-0.5,2.6,-5.5,-0.4999999999999996,41.5,5.699999999999997,17.4,-8.4,-8.3,HTG.L,L,66.6,15.9,,,,,-1.1,82.1,,,0.5,,,230.2,21.9,,,,,,,,,,,,,,,,,,,,,,,,,,,,,,,,,,,,190.5,209.0,188.32,197.6,,1596697200,50168,HTG.L,L
WIZZ.L,2020-03-31,169.8,380.6,1310.5,1310.5,0.0,341.1,0.0,27.2,26.4,,19.9,0.0,23.5,513.1,-233.1,101.2,183.6,0.0,469.6,2553.0,1280.3,14.13614,4358.1,85.42643000000001,1574.4,1323.8,2039.4,1234.8,70.6,3123.3,4358.1,1698.3,169.8,-193.0,724.2,186.8,76.57676,-1.18051,366.3,-15.9,-90.5,-90.5,-93.8,-76.3,-1.6,-3.3,,1090.5,224.0,442.59999999999985,0.0,4.2,-186.3,41.10000000000001,6.3,-94.3,-423.6,195.0,33.099999999999994,182.6,-41.2,0.10000000000000007,-54.6,1.5,-322.8,-93.79999999999997,68.9,-237.3,,WIZZ.L,L,,,,,,,,31.8,0.1,,,,-1467.6,,0.0,4020.2,,,,,,,,,,,,,,,,,,,,,,,,,,,,,,,,,,,3356.0,3382.0,3278.0,3332.0,,1596697200,176178,WIZZ.L,L
MONY.L,2020-06-30,50.3,204.9,12.5,12.5,0.1,,11.0,36.1,,11.2,,5.0,,0.0,,34.8,,0.0,54.7,45.0,-5.2,0.04137,302.1,536.6659999999999,71.5,59.7,5.0,196.6,,105.5,302.1,0.0,50.3,,60.7,,536.8,0.07562999999999999,122.5,-1.3,40.6,40.6,51.4,52.7,,10.8,,183.2,69.8,69.8,,7.9,-5.8,0.9,17.5,-43.1,-10.3,41.7,-21.5,2.2,-0.9,,4.1,-0.1,-11.7,40.6,12.5,-4.5,-46.2,MONY.L,L,,,,-3.2,,,,,,,,,,138.3,8.7,,,,,,,,,,,,,,,,,,,,,,,,,,,,,,,,,,,,304.8,304.8,296.8,300.2,,1596697200,1220676,MONY.L,L
GRI.L,2020-03-31,1.5,616.1,257.0,257.0,33.8,0.0,36.3,17.0,1247.8,1776.1,,0.0,,29.3,-14.1,2.5,9.5,29.9,,2.2,790.0,2.09144,2797.6,673.60194,992.8,85.2,1247.8,1425.8,702.1,1371.8,2797.6,1247.8,31.4,,24.6,,628.0,0.06372,65.0,-17.1,40.1,40.1,49.6,66.7,,9.5,,89.6,13.8,-1.7000000000000028,-0.1,,-85.9,17.6,20.5,130.1,-80.2,17.8,-22.9,0.8,-0.6,,-30.6,182.5,67.7,40.1,-0.2,5.7,-21.2,GRI.L,L,,,,,,-15.6,,0.2,,21.7,,34.2,,,2.3,,,,,,,,,,,,,,,,,,,,,,,,,,,,,,,,,,,,306.4,306.8,296.0,296.0,,1596697200,1095490,GRI.L,L
BIFF.L,2020-03-27,221.5,235.3,87.8,94.5,2.5,43.6,17.3,197.0,511.0,3.0,68.2,0.0,0.1,29.2,-2.8,98.7,124.7,0.0,274.2,527.7,176.0,0.3272,1385.0,250.0,332.2,347.0,554.6,411.0,16.1,974.0,1385.0,511.0,221.5,,502.0,,250.0,0.0908,66.5,-9.4,25.0,25.0,30.8,40.2,,5.8,,568.5,30.1,26.29999999999995,-3.8,8.7,-34.1,8.799999999999997,1.0,-38.1,-38.9,112.6,26.2,42.2,-9.3,,-22.700000000000006,,35.6,25.0,10.499999999999998,-4.800000000000002,-6.100000000000001,BIFF.L,L,,,,,,,,,,,6.7,,,132.2,,,,,,,,,,,,,,,,,,,,,,,,,,,,,,,,,,,,,203.0,212.5,200.0,207.0,,1596697200,202175,BIFF.L,L
WEIR.L,2020-06-30,481.3,582.3,356.7,356.7,32.5,153.7,30.2,1657.7,1369.7,38.6,83.0,0.0,21.3,66.3,52.4,252.5,84.6,22.899999999999977,543.0,585.2,931.4,-0.22996,4023.9,259.61205,1574.8,763.0,1523.4,1598.0,692.6,2425.9,4023.9,1369.7,504.2,,734.0,27.8,261.7,0.27895,360.8,-24.8,45.7,45.8,62.5,87.3,,16.7,,1094.8,235.2,273.5,17.8,27.8,-40.7,25.6,26.4,-26.4,-40.9,144.2,-35.0,51.6,-26.9,7.5,4.8,-4.3,84.4,87.3,12.5,-0.2,0.0,WEIR.L,L,,10.5,,-0.6,,-3.0,-0.1,-4.3,,,,,,,,,,,,,,,,,,,,,,,,,,,,,,,,,,,,,,,,,,,1235.0,1262.5,1225.0,1261.0,,1596697200,990508,WEIR.L,L
TRIG.L,2019-12-31,,1721.309,,127.589,,,,,,1741.457,,0.0,,0.33899999999999997,,,,,,,162.128,1.15085,1883.776,1636.5639999999999,142.319,0.33899999999999997,0.0,1883.4370000000001,,0.33899999999999997,1883.776,0.0,14.73,,0.10099999999999999,,1530.96712,0.026039999999999997,16.518,24.156,39.874,39.874,39.874,15.718,,0.0,,16.619,0.193,0.8,,,,,,179.753,-162.168,58.701,55.42100000000001,,-3.2270000000000003,-1.078,,228.542,75.208,39.874,-36.594,-162.168,-45.562,TRIG.L,L,127.589,,,,,,,0.607,,,,,,,,,,,,,,,,,,,,,,,,,,,,,,,,,,,,,,,,,,,137.0,137.0,136.0,136.6,,1596697200,1358686,TRIG.L,L
SMP.L,2020-05-31,91.3,102.8,139.4,139.4,22.2,1.2,2.2,,556.5,935.5,11.1,0.0,28.1,35.9,,19.5,0.0,0.0,103.4,24.3,815.8,4.23151,1661.8,222.16655,690.9,140.5,557.7,940.1,432.1,721.7,1661.8,556.5,91.3,,110.2,,222.18127,-0.6049100000000001,10.3,-7.6,-134.4,-134.5,-158.1,-150.5,0.0,-23.6,,120.5,20.7,160.8,,,-1.9,5.7,1.6,187.8,-37.0,-59.6,-52.2,4.3,-7.3,,195.1,,91.2,-150.5,138.8,-35.1,0.0,SMP.L,L,,3.0,,-0.7,,140.1,0.1,,,,,,,,,,,,,,,,,,,,,,,,,,,,,,,,,,,,,,,,,,,,315.5,324.0,312.362,324.0,,1596697200,86554,SMP.L,L
AVON.L,2020-03-31,50.9,34.7,,7.8,31.0,2.1,8.3,84.1,,,,53.6,,1.3,,52.6,15.9,0.0,45.4,60.1,14.7,-0.11927,262.7,31.023000000000003,102.6,102.4,74.7,80.4,43.9,182.3,262.7,19.0,50.9,,60.1,3.6,30.91,0.25882,34.6,-0.9,1.3,1.3,1.7,3.0,-0.4,0.4,,94.7,24.0,31.6,4.0,5.3,-4.1,1.4,1.4,44.8,-74.9,-8.0,-20.3,3.3,-1.4,-2.5,50.4,0.0,-40.6,1.3,2.4,-70.8,-4.2,AVON.L,L,7.8,,,,,,,,,,,,,,,,,,,,,,,,,,,,,,,,,,,,,,,,,,,,,,,,,,3465.0,3550.0,3435.0,3500.0,,1596697200,44692,AVON.L,L
HSV.L,2020-03-31,495.4,189.3,131.2,131.2,9.0,54.4,26.2,497.1,540.6,9.6,16.8,0.0,,7.4,37.0,52.3,16.3,0.0,410.6,98.8,400.4,-1.1095700000000002,1783.0,334.63428,634.5,472.4,640.2,635.7,7.9,1147.3,1783.0,585.8,495.4,,,19.2,337.3,0.26602,,-11.6,89.2,89.1,118.2,129.8,,29.1,,674.6,,544.8,0.7,42.0,-40.4,9.9,14.3,79.8,-167.5,154.8,-53.1,12.3,-0.7999999999999998,-2.9000000000000004,100.0,0.0,64.2,129.79999999999998,23.8,-127.1,-19.4,HSV.L,L,,10.6,,,,0.8,0.1,524.1,,,,,,509.9,,,,,,,,,,,,,,,,,,,,,,,,,,,,,,,,,,,,,1360.0,1360.0,1329.0,1330.0,,1596697200,738904,HSV.L,L
BGFD.L,2020-02-29,2.1630000000000003,190.93900000000002,60.20399999999999,60.20399999999999,4.621,52.25899999999999,,,67.501,734.169,,0.0,,,,,,0.0,3.498,,477.718,7.2992,796.5360000000001,92.23993,62.367,55.757,119.76,673.278,,123.258,796.5360000000001,67.501,2.1630000000000003,,3.38,,92.4239,-0.58812,-53.31,,-54.356,-54.356,-53.606,-53.606,,0.75,,-49.93,0.29600000000000004,0.29600000000000026,,,,1.2819999999999998,0.684,-3.235,21.563000000000002,2.283,-2.804,,,-0.71,,0.0,19.901,-53.606,58.693000000000005,21.563000000000002,-3.235,BGFD.L,L,,,,,,,,,,,,,,,,,,,,,,,,,,,,,,,,,,,,,,,,,,,,,,,,,,,808.0,822.0,806.0,821.0,,1596697200,143299,BGFD.L,L
JLEN.L,2020-03-31,,,1.7619999999999998,1.7619999999999998,548.943,,,,,532.941,,0.0,,,,,,,,,-15.929,0.97493,534.734,546.72003,1.7930000000000001,1.72,0.0,533.014,,1.72,534.734,0.0,,,2.886,,504.62285999999995,-0.05325,-26.399,,-26.871,-26.871,-26.871,-26.871,,0.0,,-23.513,0.24,0.47200000000000003,,,,,,39.722,-36.489,-3.2319999999999998,0.126,,-0.884,,,57.157,0.0010000000000000009,-26.871,23.513,-36.489,-16.551,JLEN.L,L,,,,,,,,0.23199999999999998,,,,1.72,,,0.031,,,,,,,,,,,,,,,,,,,,,,,,,,,,,,,,,,,,121.5,121.5,120.0,121.0,,1596697200,708724,JLEN.L,L
IBST.L,2019-12-31,58.088,7.441,19.494,19.494,4.093,6.981,69.655,102.594,103.95,,,0.0,1.186,7.087999999999999,,7.178999999999999,88.656,0.0,88.15,416.73400000000004,453.202,0.88381,771.079,409.25979,163.095,102.219,134.70600000000002,464.301,84.32700000000001,306.778,771.079,127.725,58.088,,127.553,,412.996,0.08209,78.404,-0.937,33.128,33.510999999999996,41.01,41.946999999999996,,7.499,,205.957,37.191,36.457,0.48200000000000004,3.3320000000000003,-19.940999999999995,1.3459999999999999,6.497999999999999,-27.904,-31.365,46.343,-12.067,15.754000000000001,0.0,0.187,4.872,0.7519999999999998,-12.739,40.626999999999995,-1.3030000000000002,-11.424000000000001,-33.528,IBST.L,L,,,,-0.435,,,,-1.216,,,,,,,,,,,,,,,,,,,,,,,,,,,,,,,,,,,,,,,,,,,160.1,168.4,157.435,163.4,,1596697200,1494331,IBST.L,L
FSFL.L,2019-12-31,,,,18.933,624.922,,,,,542.186,,0.0,,,,,,,,,3.102,1.03772,629.927,605.1965299999999,87.741,1.903,0.0,628.024,,1.903,629.927,0.0,68.803,,3.32875,,586.66762,-0.034339999999999996,-19.85675,,-20.148,-20.148,-20.148,-20.148,,0.0,,-16.528,0.23525,0.29125000000000023,,,,,,46.632,-69.846,36.437,20.555999999999997,,-0.81,,,65.324,13.223,-20.148,36.029,-69.846,-17.882,FSFL.L,L,18.933,,,,,,,0.055999999999999994,,0.187,,1.716,,,0.005,,,,,,,,,,,,,,,,,,,,,,,,,,,,,,,,,,,,108.0,109.0,108.0,109.0,,1596697200,228763,FSFL.L,L
BOY.L,2020-06-30,128.7,177.1,,23.9,33.1,14.5,52.7,127.2,,4.2,2.4,47.5,0.1,44.5,67.4,32.5,6.4,16.700000000000017,194.1,633.2,461.6,1.97852,1186.1,191.45617,187.7,300.6,130.5,731.0,18.3,455.1,1186.1,68.5,145.4,,277.8,,190.20503,0.1251,28.9,-2.8,-2.4,-2.3,-3.8,-1.0,,-1.5,,306.7,,29.899999999999977,29.9,5.9,-33.5,2.5,6.6,23.9,-97.8,75.5,18.8,39.9,-2.2,0.0,26.6,-0.5,1.6,-2.3,13.2,-64.3,0.0,BOY.L,L,23.9,0.8,,-8.2,,,-0.1,,,,,,,225.0,,,,,,,,,,,,,,,,,,,,,,,,,,,,,,,,,,,,,573.5,580.5,563.0,580.0,,1596697200,170693,BOY.L,L
SBRE.L,2020-06-30,,,37.254,,0.25,,,,,249.53799999999998,,0.0,,0.298,-1.061,,0.08199999999999999,,,4.789,272.58099999999996,0.46196000000000004,580.058,250.0,,,0.32,271.77,,308.288,580.058,0.32,,,,0.023,251.62192000000002,0.0894,,,22.495,22.495,27.75,27.75,,5.255,,,3.7260000000000004,60.728,0.0,,0.0,,,-20.316,0.0,25.779,25.779,,,,-0.126,0.0,5.462999999999999,,,,-20.19,SBRE.L,L,,,,,,0.006999999999999999,,7.532,,,,1.9680000000000002,,156.279,,,,,,,41.391000000000005,90.725,305.702,,49.44,0.768,,84.20159999999998,,,,,,,,,,,,,,,,,,,,,,,262.5,274.5,251.0,272.5,,1596697200,645607,SBRE.L,L
HIK.L,2019-12-31,637.0,282.0,442.0,465.0,41.0,518.0,20.0,552.0,48.0,29.0,,60.0,17.0,434.0,-235.0,203.0,257.0,112.0,,962.0,2030.0,5.29467,3930.0,242.31917,1848.0,1471.0,685.0,2117.0,568.0,1813.0,3930.0,107.0,749.0,,560.0,,242.89882000000003,1.5068,600.0,-10.0,301.0,302.0,265.0,288.0,-13.0,-37.0,68.0,1160.0,237.0,312.0,-26.0,3.0,-104.0,19.0,84.0,-65.0,-98.0,285.0,-24.0,37.0,-10.0,-2.0,-21.0,,120.0,265.0,4.0,6.0,-34.0,HIK.L,L,,12.0,,-1.0,,,-1.0,33.0,,286.0,23.0,173.0,,282.0,49.0,,,,,,,,,,,,,,,,,,,,,,,,,,,,,,,,,,,,2157.0,2210.0,2141.0,2141.0,,1596697200,812069,HIK.L,L
UKCM.L,2019-12-31,30.261999999999997,,48.983999999999995,48.983999999999995,539.872,,,,247.447,1309.5410000000002,,0.0,48.85,0.0,0.0,0.0,0.0,0.0,,,627.2719999999999,0.8982100000000001,1437.6370000000002,1299.41247,128.096,23.046,247.447,1167.144,,270.493,1437.6370000000002,247.447,30.261999999999997,,6.14,,1299.41247,-0.015609999999999999,-9.925,-4.173,-20.281,-20.281,-20.236,-16.063,,0.045,,-3.785,,6.138000000000001,,,-4.306000000000001,3.834000000000001,0.00099999999999989,-37.825,40.788000000000004,19.17,-6.793999999999999,,-5.926,,,,22.133000000000003,-20.236,46.2,45.093999999999994,-23.91,UKCM.L,L,,,,,,,,6.138,,23.046,,,,,,,,,,,,,,,,,,,,,,,,,,,,,,,,,,,,,,,,,67.4,69.2,66.1,69.2,,1596697200,1933742,UKCM.L,L
VCT.L,2020-03-31,50.7,54.0,53.2,53.2,0.9,1.6,24.0,27.2,,20.5,,0.0,2.2,14.7,3.7,,21.5,8.199999999999996,31.3,270.6,409.6,5.10077,549.2,86.45749,209.4,47.6,8.1,468.2,95.1,81.0,549.2,6.5,58.9,,63.5,,86.63985,0.49862,86.8,-0.2,41.1,41.1,49.9,50.1,,8.8,,150.3,34.6,36.7,2.1,1.3,-11.9,,15.6,-39.1,-18.4,38.2,-21.0,7.8,,0.0,-0.9,1.7,-19.3,41.1,9.0,-6.5,-39.9,VCT.L,L,,2.9,,,,,0.0,,,,0.0,,,,,,,,,,,,,,,,,,,,,,,,,,,,,,,,,,,,,,,,1898.0,1930.0,1889.0,1889.0,,1596697200,102179,VCT.L,L
PTEC.L,2019-12-31,192.84400000000002,600.9540000000001,671.54,671.54,,25.721,78.33800000000001,1499.869,935.586,53.395,13.6,0.0,,685.4780000000001,-1.42,22.691,74.748,141.154,,450.564,643.148,-0.8998299999999999,3097.7140000000004,303.79169,1005.538,773.6189999999999,1026.5810000000001,1226.507,,1871.207,3097.7140000000004,1000.86,333.99800000000005,,,215.74,301.79025,0.24599000000000001,,-56.283,-19.570999999999998,13.845999999999998,48.15,27.619,76.814,34.304,,1508.4479999999999,1173.19,1480.829,91.899,75.33,-74.06700000000002,19.402,13.229999999999995,-313.211,-81.94800000000002,193.498,12.770999999999999,26.639,-23.814,2.592,-245.769,-25.035000000000004,-199.06900000000002,-36.976,115.734,-7.881,-18.593000000000004,PTEC.L,L,,-4.301,,-16.175,,,-0.603,,,62.42,,,,,,,,,,,,,,,,,,,,,,,,,,,,,,,,,,,,,,,,,340.9,340.9,329.5,336.1,,1596697200,1143324,PTEC.L,L
TUI.L,2020-03-31,,4207.5,1022.7,1034.7,1505.8,1167.8,192.4,687.8,1655.9,1503.1,106.3,0.0,1273.2,5647.5,,1892.9,1033.4,,,7620.9,-3637.6,-2.72452,18333.4,589.0205900000001,4389.2,8686.4,5937.2,2075.7,108.5,16257.7,18333.4,4769.4,808.6,,6970.9,46.3,590.8609299999999,-1.43354,-332.2,-109.8,-892.3,-845.9,-881.1,-771.3,,-35.2,,6638.7,482.1,439.10000000000036,,,,,,-233.9,-221.8,652.6999999999998,652.6999999999998,,-233.9,-21.9,,,175.10000000000005,,,-221.8,,TUI.L,L,,716.6,,,,,-46.4,-89.3,0.1,1840.0,12.0,31.1,,2992.7,1164.2,,,,,,,,,,,,,,,,,,,,,,,,,,,,,,,,,,,,316.0,329.4,303.5,328.0,,1596697200,2032135,TUI.L,L
BBH.L,2020-05-31,,374.345,82.59899999999999,82.59899999999999,4.511,,,,,682.268,,39.091,,9.044,,,,,,,338.11,1.59379,765.1010000000001,449.85,82.833,48.135,39.091,716.966,,48.135,765.1010000000001,0.0,0.23399999999999999,,2.9410000000000003,,438.49935999999997,0.19024000000000002,84.921,-0.723,83.41799999999999,83.41799999999999,83.693,84.43,-0.013999999999999999,0.275,,87.86200000000001,,0.4910000000000001,,,,0.9690000000000001,0.275,-9.617,30.508000000000003,2.0540000000000003,-0.275,,-43.575,,21.16,23.459,22.945,1.5959999999999999,0.733,30.508000000000003,-10.661,BBH.L,L,,,,,,,,0.491,,,,,,,,,,,,,,,,,,,,,,,,,,,,,,,,,,,,,,,,,,,161.0,162.5,160.0,161.0,,1596697200,493034,BBH.L,L
JII.L,2020-03-31,,97.316,10.687000000000001,10.687000000000001,24.868000000000002,,,,,446.663,,0.0,0.001,30.218000000000004,,0.0,,,,,305.024,5.44691,457.426,78.43121,10.763,30.218000000000004,0.0,427.208,,30.218000000000004,457.426,0.0,0.075,,1.19,,96.71753000000001,-2.279,-219.99,,-220.419,-220.419,-220.537,-220.537,,-0.11800000000000001,,-218.8,0.547,0.5470000000000002,,,,0.325,,-180.002,172.453,-0.8909999999999999,0.812,,,,30.0,-210.002,-8.44,-220.537,218.834,172.453,,JII.L,L,,,,,,,,,,,,,,,,,,,,,,,,,,,,,,,,,,,,,,,,,,,,,,,,,,,555.0,557.9540000000001,545.0,545.0,,1596697200,119114,JII.L,L
SSON.L,2020-06-30,7.327999999999999,1316.925,33.433,33.433,1.234,,,,,1753.229,,0.0,,,,,,0.0,,,468.55300000000005,14.475979999999998,1793.99,123.42596,40.760999999999996,7.278,0.0,1786.7120000000002,,7.278,1793.99,0.0,7.327999999999999,,6.962000000000001,,119.0909,1.93472,0.105,-0.22399999999999998,230.407,230.407,231.07299999999998,231.297,,0.6659999999999999,,7.067,,-231.192,,,,,1.095,113.229,-110.029,-1.101,-0.22899999999999998,,-0.598,-0.22399999999999998,,113.82700000000001,1.875,231.07299999999998,-231.945,-110.029,,SSON.L,L,,,,,,-232.169,,0.977,,7.278,,,,,,,,,,,,,,,,,,,,,,,,,,,,,,,,,,,,,,,,,1502.0,1510.0,1492.0,1508.0,,1596697200,227544,SSON.L,L
BBGI.L,2019-12-31,3.8760000000000003,0.965,34.778,34.778,714.28,0.11599999999999999,,,20.317999999999998,845.967,,0.0,1.35,1.7069999999999999,-0.597,,0.605,0.0,,0.061,146.984,1.36721,886.637,630.2130000000001,40.004,4.687,20.434,861.632,,25.005,886.637,20.317999999999998,3.8760000000000003,,,0.021,582.698,0.04625,,-0.9740000000000001,26.643,26.643,28.243000000000002,29.217,,1.6,,26.975,4.292,-2.242,0.326,,-0.027999999999999997,0.08199999999999996,0.15300000000000002,-70.9,26.868,-4.306,-1.031,0.013,-0.89,-0.30600000000000005,-48.556999999999995,0.0010000000000047748,-48.64399999999999,26.643,-29.930999999999997,26.896,-21.454,BBGI.L,L,,,,,,-6.886,,0.005,,0.353,,2.511,,,,,,,,,,,,,,,,,,,,,,,,,,,,,,,,,,,,,,,170.2,170.2,167.0,167.6,,1596697200,368679,BBGI.L,L
IPO.L,2019-12-31,5.0,99.7,121.9,194.9,21.2,15.4,,0.0,93.1,1067.0,,0.0,,,,19.3,,27.3,26.0,1.1,1020.5,1.07728,1295.7,1059.1446,227.2,41.4,108.5,1141.4,,154.3,1295.7,93.1,32.3,,,0.2,1059.1446,-0.03322,,-1.5,-28.4,-29.4,-29.3,-27.8,,0.1,,-14.4,21.5,13.4,-10.6,0.2,0.6000000000000001,,,-8.5,21.2,-1.9000000000000004,13.7,-0.30000000000000004,,0.0,-8.8,-0.3000000000000003,10.8,-27.800000000000004,12.300000000000004,20.6,,IPO.L,L,,0.5,,,,,1.0,2.3,0.1,,73.0,,,0.4,,,,,,,,,,,,,,,,,,,,,,,,,,,,,,,,,,,,,75.0,79.458,74.1,76.5,,1596697200,1971811,IPO.L,L
BAG.L,2020-01-25,57.2,0.9,10.9,10.9,4.7,3.2,14.5,101.8,,0.9,,0.0,,4.3,,10.5,,0.0,52.4,108.8,202.7,0.95065,297.9,112.02887,86.4,59.9,7.9,208.3,18.3,89.6,297.9,4.7,57.2,,77.8,,112.00943999999998,0.16516,55.4,-0.4,19.0,19.0,23.9,24.3,,4.9,,133.2,,31.10000000000001,-0.4,0.6000000000000001,-6.4,0.2,3.6000000000000005,-15.799999999999995,-6.299999999999999,28.4,-1.7999999999999992,6.299999999999999,-0.2,,-1.6999999999999995,-9.3,6.299999999999999,23.9,-0.6000000000000001,0.09999999999999998,-4.6,BAG.L,L,,,,,,-0.1,,31.6,,,,,,,,,,,,,,,,,,,,,,,,,,,,,,,,,,,,,,,,,,,434.5,443.0,428.5,440.5,,1596697200,98212,BAG.L,L
NETW.L,2019-12-31,251.868,0.0,,43.754,65.1,105.766,1.788,186.236,210.93,54.678000000000004,2.533,59.895,63.388000000000005,49.382,-20.115,24.379,,2.1910000000000025,,57.397,195.582,-0.41646000000000005,936.937,500.0,373.532,460.281,377.444,240.567,,696.37,936.937,211.783,254.05900000000003,,36.643,25.353,500.0,0.10002,145.918,-12.439,42.893,43.247,46.748999999999995,59.188,,3.502,,182.56099999999998,64.035,86.73,0.0,,-36.419,10.722999999999999,4.119999999999999,-18.009,-32.964,90.47199999999998,5.266,25.528000000000002,-0.7909999999999999,0.405,-4.397,-12.821,39.904,42.574,17.104000000000006,3.455,,NETW.L,L,43.754,-1.861,,,,-2.658,0.319,,,167.167,,78.071,-120.54299999999999,262.561,12.331,177.94,,,,,,,,,,,,,,,,,,,,,,,,,,,,,,,,,,,448.2,458.2,439.2,454.4,,1596697200,2158870,NETW.L,L
CHG.L,2020-04-30,60.4,306.2,104.2,104.2,2.8,51.3,24.3,49.9,108.9,,,0.0,0.4,12.9,-15.7,13.8,35.0,0.0,106.8,186.5,23.3,0.54986,637.3,281.88792,256.1,171.0,164.8,314.7,91.1,322.6,637.3,113.5,60.4,1.0,,4.4,288.37408999999997,0.06207000000000001,,-1.4,16.1,16.3,19.0,20.4,,2.7,,191.0,,170.6,,5.2,-19.9,2.3,0.3,74.3,-19.1,52.7,18.7,8.8,-2.3,-0.4,83.7,-0.3,107.5,20.4,-0.4,0.8,-6.8,CHG.L,L,,,0.0625,-2.9,,0.8,,165.4,,,,,,109.8,,,,,,,,,,,,,,,,,,,,,,,,,,,,,,,,,,,,,254.0,259.0,243.0,252.0,,1596697200,216377,CHG.L,L
ELM.L,2020-06-30,123.5,237.7,102.0,102.0,52.1,6.3,142.5,870.0,548.6,,,2.0,0.1,35.8,,92.3,49.6,2.5,123.2,502.4,543.6,-0.06302,1822.1,580.80124,400.1,167.3,594.9,833.4,172.0,988.7,1822.1,586.6,126.0,,254.9,,579.9,0.0469,131.6,-14.6,-50.9,-50.9,-53.4,-35.2,-3.6,-2.5,,386.5,166.8,166.79999999999995,,,-15.6,12.0,3.9,-7.7,-15.2,22.7,-39.4,34.8,-1.8,-1.7,-6.0,0.1,-1.9,-50.9,78.2,0.4,0.0,ELM.L,L,,,,,0.0,,,,,,,,,,,,,,,,,,,,,,,,,,,,,,,,,,,,,,,,,,,,,,65.0,69.2,64.611,67.4,,1596697200,646709,ELM.L,L
MGNS.L,2019-12-31,436.4,38.5,192.7,192.7,2.3,12.8,8.1,223.6,,90.7,8.4,0.0,,86.3,,25.6,,12.0,,79.5,356.0,3.80743,1395.5,45.48999,993.3,918.1,59.7,396.8,338.1,998.7,1395.5,46.9,448.4,,1472.5,1.0,46.1,0.9181299999999999,177.4,-1.5,42.9,42.9,53.1,54.6,,10.2,,1649.9,126.8,122.79999999999997,-0.6,1.0,-10.8,-0.09999999999999988,7.4,-22.9,-21.4,121.5,47.3,11.1,0.09999999999999988,,-9.2,-4.3,77.2,54.6,7.499999999999999,-10.6,-9.5,MGNS.L,L,,,,,,-4.4,,,,184.1,,634.9,,,14.1,,,,,,,,,,,,,,,,,,,,,,,,,,,,,,,,,,,,1236.0,1254.0,1198.0,1242.0,,1596697200,240673,MGNS.L,L
