period,accountsReceivableTradeNet,additionalPaidInCapital,cashEquivalents,cashandShortTermInvestments,commonStockTotal,currentPortofLTDebtCapitalLeases,deferredIncomeTax,intangiblesNet,longTermDebt,longTermInvestments,noteReceivableLongTerm,notesPayableShortTermDebt,otherCurrentAssetsTotal,otherCurrentliabilitiesTotal,otherEquityTotal,otherLiabilitiesTotal,otherLongTermAssetsTotal,otherReceivables,payableAccrued,propertyPlantEquipmentTotalNet,retainedEarnings,tangibleBookValueperShare,totalAssets,totalCommonSharesOutstanding,totalCurrentAssets,totalCurrentLiabilities,totalDebt,totalEquity,totalInventory,totalLiabilities,totalLiabilitiesShareholdersEquity,totalLongTermDebt,totalReceivablesNet,unrealizedGainLoss,costofRevenueTotal,depreciationAmortization,dilutedAverageShares,dilutedEPS,grossProfit,interestIncExpNetNonOperatingTotal,netIncome,netIncomeAfterTaxes,netIncomeBeforeTaxes,operatingIncome,otherNonOperatingIncExpNet,provisionforIncomeTaxes,researchDevelopment,revenue,sellingGeneralAdminExpensesTotal,totalOperatingExpense,unusualExpenseIncome,amortization,capitalExpenditures,cashInterestPaid,cashTaxesPaid,cashfromFinancingActivities,cashfromInvestingActivities,cashfromOperatingActivities,changesinWorkingCapital,depreciationDepletion,financingCashFlowItems,foreignExchangeEffects,issuanceRetirementofDebtNet,issuanceRetirementofStockNet,netChangeinCash,netIncomeStartingLine,nonCashItems,otherInvestingCashFlowItemsTotal,totalCashDividendsPaid,ticker,market,cash,minorityInterest_x,totalPreferredSharesOutstanding,treasuryStockCommon,gainLossonSaleofAssets,interestExpIncNetOperatingTotal,minorityInterest_y,otherOperatingExpensesTotal,totalAdjustmentstoNetIncome,accountsPayable,shortTermInvestments,accruedExpenses,accumulatedDepreciationTotal,goodwillNet,prepaidExpenses,propertyPlantEquipmentTotalGross,eSOPDebtGuarantee,preferredStockNonRedeemableNet,otherRevenueTotal,redeemablePreferredStockTotal,insuranceReceivables,otherAssetsTotal,policyLiabilities,amortizationofPolicyAcquisitionCosts,lossesBenefitsandAdjustmentsTotal,netInvestmentIncome,realizedUnrealizedGainsLosses,totalPremiumsEarned,minorityInterest,deferredTaxes,cashDuefromBanks,customerLiabilityAcceptances,netLoans,otherEarningAssetsTotal,totalDeposits,interestIncomeBank,loanLossProvision,netInterestIncAfterLoanLossProv,netInterestIncome,nonInterestExpenseBank,nonInterestIncomeBank,totalInterestExpense,deferredPolicyAcquisitionCosts,cashPayments,cashReceipts,totalUtilityPlantNet,otherBearingLiabilitiesTotal,totalShortTermBorrowings,equityInAffiliates
2019-12-31,143.3,26.6,183.2,183.2,26.8,8.5,,160.3,,0.0,7.2,0.0,0.1,61.8,10.1,23.5,34.0,0.5,84.1,55.5,338.8,0.39562,604.7,611.7,347.7,154.4,33.0,402.3,20.6,202.4,604.7,24.5,143.8,,74.1,0.4,617.3,0.09849,212.1,0.4,61.4,61.4,70.9,70.5,,9.5,48.0,286.2,93.7,141.6,-0.5,0.9000000000000001,-6.5,1.7,2.8999999999999995,-19.8,-3.9000000000000004,64.8,-19.5,10.899999999999999,-1.7,0.3,-3.6999999999999993,-2.5,41.400000000000006,70.89999999999999,1.6,2.6,-11.900000000000002,SPT.L,L,,,,,,,,,,,,,,,,,,,,,,,,,,,,,,,,,,,,,,,,,,,,,,,,,
2019-06-30,107.0,25.7,141.8,141.8,25.9,9.2,,159.5,0.0,,7.6,0.0,,65.6,8.9,24.9,32.1,2.299999999999997,59.3,57.5,291.9,0.31535,535.1,611.7,278.4,134.1,32.9,352.4,27.3,182.7,535.1,23.7,109.3,,60.9,0.8,617.5,0.02818,156.5,0.6,16.6,16.6,18.7,18.1,,2.1,48.5,217.4,89.0,138.4,0.1,1.2,-6.4,,2.7,-27.7,-6.9,54.5,21.8,11.3,,0.3,-4.9,-6.1,20.2,18.7,1.5,-0.5,-16.7,SPT.L,L,,,,,,,,,,,,,,,,,,,,,,,,,,,,,,,,,,,,,,,,,,,,,,,,,
2019-12-31,69.418,24.482,53.258,53.258,50.013,29.736,18.307,95.799,51.274,,,0.0,0.62,11.234,0.559,2.649,18.668,0.0,121.379,235.568,221.38,0.99596,562.569,200.05216,212.534,162.349,113.234,295.043,89.238,267.526,562.569,83.498,69.418,,95.513,14.271,199.96078,0.14583,166.212,-1.803,28.14,27.874,32.761,34.659,-0.095,4.887,,261.725,64.036,131.553,1.198,1.24,-12.843000000000002,2.4530000000000003,3.798,-9.229,-12.422,63.843,14.508999999999997,13.031,0.0,-0.10300000000000001,0.1720000000000006,0.0,42.089,27.874000000000002,7.189000000000002,0.42100000000000004,-9.401000000000003,MSLH.L,L,,0.723,,-1.391,,,0.266,52.048,,,,,,,,,,,,,,,,,,,,,,,,,,,,,,,,,,,,,,,,,
2019-06-30,101.923,24.532,11.169,11.169,50.017,31.476,18.328,89.727,44.688,,,0.0,0.43,11.635,0.401,6.462,23.008,0.0,127.025,230.97,203.601,0.93688,550.487,200.04448,206.782,170.136,108.866,277.145,93.26,273.342,550.487,77.39,101.923,,103.458,15.923,199.72602,0.15027,176.649,-1.483,30.1,30.037,37.092,39.022,-0.447,7.055,,280.107,65.789,137.627,-0.108,1.183,-10.065,0.74,5.225,-48.869,-9.956,24.282,-31.493,14.74,0.0,0.003,-23.822,-1.245,-34.54,30.037,9.815,0.109,-23.802,MSLH.L,L,,1.026,,-1.406,,,0.063,56.023,,,,,,,,,,,,,,,,,,,,,,,,,,,,,,,,,,,,,,,,,
2020-03-27,171.3,0.4,34.5,34.5,4.5,14.3,6.4,480.9,345.6,7.1,,0.0,,15.4,,113.2,88.3,0.5,335.5,390.3,331.7,-0.32344,1220.9,446.14615,254.3,365.2,408.9,336.6,48.0,884.3,1220.9,394.6,171.8,,475.7,2.7,445.056,0.05325,237.0,-7.3,23.3,24.2,27.3,35.6,-1.0,3.1,,712.7,,201.40000000000003,0.0,5.3,-21.1,7.5,4.2,-6.9,-20.8,20.8,-33.5,22.9,-2.4,-0.2,11.9,0.3,-7.1,27.3,-1.2,0.3,-16.7,GNC.L,L,,4.9,,,,,-0.9,198.7,,,,,,,,,,,,,,,,,,,,,,,,,,,,,,,,,,,,,,,,,
2019-09-27,173.8,0.1,41.6,41.6,4.5,0.0,6.9,483.3,330.1,7.0,,0.0,0.0,20.5,,142.1,79.0,0.6999999999999886,358.4,332.5,294.8,-0.41233,1163.8,446.00658,262.0,378.9,330.1,299.4,45.9,864.4,1163.8,330.1,174.5,,504.6,0.5,446.262,0.0968,240.1,-6.5,40.9,42.6,50.7,58.5,-1.3,8.1,,744.7,,181.60000000000002,1.8,2.3,-25.300000000000004,7.699999999999999,1.9,14.199999999999932,-80.0,91.60000000000001,19.9,16.9,0.0,0.3,25.0,0.10000000000002274,26.1,50.699999999999996,1.7999999999999972,-54.69999999999993,-10.899999999999999,GNC.L,L,,6.4,,,,,-0.9,179.3,,,,,,,,,,,,,,,,,,,,,,,,,,,,,,,,,,,,,,,,,
2019-03-29,182.6,0.0,15.5,15.5,4.5,0.0,3.9,423.5,299.6,7.5,,0.0,0.0,15.0,,126.9,54.0,0.0,335.5,324.6,262.0,-0.35204,1052.7,445.96733,243.1,350.5,299.6,266.5,45.0,786.2,1052.7,299.6,182.6,,467.8,0.4,620.854,0.04574,233.6,-8.9,65.1,0.8,5.7,15.9,-1.3,4.9,,701.4,,217.7,28.4,2.2,-18.9,9.2,1.6,-809.9,793.0,-4.9,-62.3,16.0,-14.8,0.3,-246.1,-509.6,-21.5,5.7,33.5,811.9,-39.4,GNC.L,L,,5.3,,,,,-1.3,188.9,,,,,,,,,,,,,,,,,,,,,,,,,,,,,,,,,,,,,,,,,
2020-06-27,23.5,14.8,52.9,122.9,2.0,54.5,,16.0,,,,150.0,,5.6,,21.9,4.7,4.899999999999999,,618.3,267.0,2.64329,811.1,101.31301,172.1,280.8,429.1,283.8,20.8,527.3,811.1,224.6,28.4,,122.2,,100.80018,-0.47827,178.4,-3.0,-53.8,-53.8,-65.2,-62.2,,-11.4,,300.6,239.9,240.60000000000002,0.7,2.0,-37.3,3.3,5.7,133.4,-106.2,-65.6,-68.0,53.5,,,131.2,2.2,-38.4,-53.8,0.7,-68.9,0.0,GRG.L,L,,,,,,,,,,70.7,70.0,,,,,,,,,,,,,,,,,,,,,,,,,,,,,,,,,,,,,,
2019-12-28,27.1,13.5,91.3,91.3,2.0,48.8,,16.8,,,,0.0,,17.6,,6.4,3.3,0.0,,626.4,331.3,3.26229,788.8,101.1559,142.3,208.7,275.7,346.8,23.9,442.0,788.8,226.9,27.1,,222.339,,102.35184,0.59894,399.229,-3.303,57.836,57.836,71.602,74.905,,13.766,,621.568,322.309,324.324,2.015,2.032,-49.571999999999996,3.308,10.963000000000001,-75.851,-48.638000000000005,129.882,-0.43299999999999983,52.806000000000004,,,-23.993000000000002,-4.591,5.393000000000001,57.836,17.641000000000002,0.9339999999999999,-47.266999999999996,GRG.L,L,,,,,,,,,,142.3,,,,,,,,,,,,,,,,,,,,,,,,,,,,,,,,,,,,,,,
2019-06-29,23.035,13.533,85.904,85.904,2.023,47.408,0.0,16.941,,,,0.0,,16.605,,16.657,3.942,0.0,,607.524,319.972,3.14947,760.009,101.1559,131.602,178.198,277.034,335.528,22.663,424.481,760.009,229.626,23.035,,189.961,,102.28538,0.33889,356.371,-3.197,29.164,29.164,36.698,39.895,,7.534,,546.332,312.691,316.476,3.785,1.768,-39.528,3.292,9.337,-52.749,-38.762,89.218,-11.867,54.094,,,-25.607,-2.309,-2.293,29.164,16.059,0.766,-24.833,GRG.L,L,,,,,,,,,,114.185,,,,,,,,,,,,,,,,,,,,,,,,,,,,,,,,,,,,,,,
2020-03-31,898.9,688.6,869.3,869.3,61.0,694.3,38.8,51.9,1671.9,32.9,,0.0,5.8,908.1,607.3,804.8,102.6,191.19999999999993,,4374.5,-136.9,-0.4173,8343.9,1210.88475,2118.8,2820.7,4197.2,1209.8,63.3,7134.1,8343.9,3502.9,1090.1,,4166.1,9.2,1210.5,-0.04945,56.6,-68.1,-154.3,-151.7,-112.5,-34.6,-9.8,39.2,,4222.7,,91.19999999999982,,9.2,-137.5,58.60000000000001,0.8999999999999999,-232.3,-129.29999999999998,626.6,72.5,537.0999999999999,-2.1,4.4,-223.8,-6.4,269.4,-34.599999999999994,42.400000000000006,8.200000000000003,,FGP.L,L,,-33.1,,-10.2,,,-2.6,82.0,,336.9,,881.4,-3564.1,1663.2,90.3,7938.6,,,,,,,,,,,,,,,,,,,,,,,,,,,,,,,,,
2019-09-30,826.7,685.2,599.9,599.9,60.8,481.0,10.9,55.0,1568.1,36.9,,0.0,35.0,804.1,693.7,814.6,158.7,233.5,,3050.9,31.2,-0.22792,6907.4,1214.0,1914.6,2402.5,2722.0,1469.6,63.3,5437.8,6907.4,2241.0,1060.2,,3578.9,11.8,1211.3,0.00166,-47.0,-58.4,-172.9,-172.9,-187.1,-118.1,-10.6,-14.2,,3531.9,,71.09999999999991,,11.8,-193.5,67.3,2.0,-248.7,-174.1,331.6,-72.1,352.3,0.0,-1.8,-249.8,1.1,-93.0,-118.1,157.7,19.4,,FGP.L,L,,-31.2,,-1.3,,,0.0,59.3,,330.4,,787.0,-3225.3,1691.3,156.2,6276.2,,,,,,,,,,,,,,,,,,,,,,,,,,,,,,,,,
2019-03-31,849.2,684.0,692.9,692.9,60.7,84.9,16.5,75.1,1545.7,34.1,,0.0,47.2,831.5,561.8,910.3,130.3,131.5999999999999,,2165.9,252.7,-0.09822,5948.6,1208.56807,1945.1,1934.4,1649.0,1554.5,60.2,4394.1,5948.6,1564.1,980.8,,3712.9,12.3,1206.8,0.03587,110.7,-43.0,-60.0,-98.8,-93.3,-36.5,-13.8,5.5,,3823.6,,147.19999999999982,134.9,12.299999999999997,-240.6,33.7,3.2,-40.8,-187.70000000000002,335.1,145.79999999999998,181.4,-2.2,-8.7,-40.1,1.5,97.89999999999999,-36.5,32.1,52.9,,FGP.L,L,,-31.2,,-4.7,,,38.8,,,278.7,,739.3,-2549.5,1598.1,164.0,4715.4,,,,,,,,,,,,,,,,,,,,,,,,,,,,,,,,,
2019-12-31,600.0,20.0,87.0,93.0,42.0,41.0,36,41.0,511,9,54,51.0,1,48.0,-124,9.0,48.0,61.0,388,1166.0,1434.0,4.4548,2511.0,256.1282,1016.0,528.0,671.0,1359.0,216.0,1152.0,2511.0,579.0,661.0,,309.0,,255.5,0.33958,536.0,-21.0,90.0,90.0,139.0,160.0,,49.0,,845.0,381,376.0,-5.0,5.0,-135.0,24.0,46.0,-216.0,-123.0,352.0,19.0,152.0,,-4.0,-188.0,-4.0,9.0,90.0,86.0,12.0,-24,AGK.L,L,,,,-13,,,,,,,6,,-2798.0,177.0,45.0,3964.0,,,,,,,,,,,,,,,,,,,,,,,,,,,,,,,,,
2019-06-30,657.0,20.0,69.0,75.0,42.0,146.0,34,42.0,596,9,45,42.0,0,39.0,-51,9.0,37.0,75.0,336,1223.0,1361.0,4.42357,2632.0,256.1282,1090.0,563.0,853.0,1361.0,233.0,1271.0,2632.0,665.0,732.0,,335.0,,254.5,0.14047,433.0,-21.0,39.0,39.0,60.0,81.0,,21.0,,768.0,357,352.0,-5.0,3.0,-103.0,22.0,30.0,-113.0,-94.0,158.0,-96.0,163.0,,0.0,-68.0,0.0,-49.0,39.0,49.0,9.0,-45,AGK.L,L,,,,-11,,,,,,,6,,-2853.0,186.0,50.0,4076.0,,,,,,,,,,,,,,,,,,,,,,,,,,,,,,,,,
2020-06-30,,2.2,126.8,177.3,4.0,9.0,23.5,245.4,393.0,25.5,,0.0,1.1,218.7,-23.8,17.8,60.9,,99.5,26.7,490.7,-0.75333,1248.1,403.27498,358.2,327.2,415.4,473.0,3.8,775.1,1248.1,406.4,176.0,,57.6,17.2,400.6,0.04319,86.7,-4.4,-60.4,-60.8,-78.3,-68.1,-5.8,-17.5,,144.3,76.4,154.8,61.2,22.3,-11.0,10.9,2.5,88.2,-5.9,-17.1,-31.8,6.3,-10.9,0.4,107.8,-8.7,65.6,-78.3,64.4,5.1,0.0,ASCL.L,L,50.5,0.2,,-0.1,,,0.4,,,,,,,531.4,,,,,,,,,,,,,,,,,,,,,,,,,,,,,,,,,,,
2019-12-31,,1.7,32.7,111.7,4.0,9.4,22.9,247.8,282.6,69.7,,0.0,1.4,168.7,-35.2,43.2,43.0,,85.7,30.0,561.1,-0.56835,1162.0,403.27498,258.6,263.8,309.4,531.5,4.1,630.5,1162.0,300.0,141.4,,64.3,17.3,401.9,0.08136,115.7,-1.2,-13.3,-13.3,-20.3,-16.2,-2.9,-7.0,,180.0,81.3,131.89999999999998,33.3,24.599999999999998,-9.7,7.799999999999999,0.10000000000000009,-14.0,-92.80000000000001,29.700000000000003,-17.699999999999996,5.8999999999999995,-7.799999999999999,1.2000000000000002,0.0,1.0,-75.89999999999999,-20.3,37.199999999999996,-83.10000000000001,-7.199999999999999,ASCL.L,L,79.0,0.6,,-0.1,,,,,,,,,,512.9,,,,,,,,,,,,,,,,,,,,,,,,,,,,,,,,,,,
2019-06-30,,0.7,73.4,187.6,4.0,9.8,23.2,265.1,292.8,12.1,0.0,0.0,0.0,159.1,-26.5,27.0,37.4,,85.7,33.2,577.8,-0.53553,1173.2,402.77502,318.9,254.6,322.3,555.9,5.4,617.3,1173.2,312.5,125.9,,87.6,18.5,405.9,0.08771,148.6,-2.9,21.4,21.4,30.5,36.0,-2.6,9.1,,236.2,85.7,112.6,8.4,22.8,-8.8,7.4,3.1,-22.9,-29.6,57.5,-15.1,5.2,-7.4,0.6,0.0,0.2,5.6,30.5,14.1,-20.8,-15.7,ASCL.L,L,114.2,,,-0.1,,,,,,,,,,506.5,,,,,,,,,,,,,,,,,,,,,,,,,,,,,,,,,,,
2020-03-31,105.039,4.485,93.774,93.774,0.228,0.197,,17.274,,,,70.0,,6.084,-0.733,0.095,0.565,1.6929999999999978,124.431,24.84,34.35,0.13459,257.987,68.37675,203.455,218.818,70.941,38.33,0.214,219.657,257.987,0.744,106.732,,54.924,,69.057,0.37854,54.598,-0.117,26.141,26.141,32.764,32.881,,6.623,,109.522,21.717,21.717000000000006,0.0,2.412,-4.324999999999999,0.42,5.654,23.019,-4.023,33.95,-4.090999999999999,2.7640000000000002,,0.307,51.729,0.001,53.253,32.763999999999996,0.10099999999999999,0.30200000000000005,-28.711,PAY.L,L,,,,,,,,,,8.318,,9.788,,11.853,2.735,,,,,,,,,,,,,,,,,,,,,,,,,,,,,,,,,,
2019-09-30,130.942,4.485,40.521,40.521,0.227,0.211,0.0,16.997,,,,18.0,,6.31,-0.574,0.169,0.945,1.478999999999985,147.471,26.505,37.255,0.18081,232.287,68.35481,175.803,189.897,19.039,41.393,0.18,190.894,232.287,0.828,132.421,,54.697,,68.611,0.2846,49.038,-0.072,19.527,19.527,24.035,24.107,,4.508,,103.735,24.931,24.930999999999997,0.0,1.474,-4.083,0.3,10.116,-10.708,-3.854,17.531,-10.923,2.867,,0.067,18.0,,3.036,24.035,0.078,0.229,-28.708,PAY.L,L,,,,,,,,,,6.938,,10.967,,12.037,2.681,,,,,,,,,,,,,,,,,,,,,,,,,,,,,,,,,,
2019-03-31,135.26,3.352,37.485,37.485,0.227,,0.0,15.875,,,,0.0,,13.456,-0.989,0.233,0.781,1.0320000000000107,151.277,26.665,47.56,0.332,231.558,68.24341,176.619,181.175,0.0,50.15,0.124,181.408,231.558,0.0,136.292,,53.698,,68.8282,0.33637,51.744,-0.023,23.902,23.902,29.372,29.395,,5.47,,105.442,23.271,22.348999999999997,-0.922,1.8330000000000002,-7.286,0.363,5.547,-24.996,-7.029999999999999,31.264000000000003,-2.537,3.2609999999999997,,-1.1119999999999999,,,-1.8739999999999997,29.372,-0.6650000000000003,0.256,-18.996000000000002,PAY.L,L,,,,,,,,,,7.536,,8.906,,11.618,2.718,,,,,,,,,,,,,,,,,,,,,,,,,,,,,,,,,,
2020-06-30,36.365,9.705,,58.281,1.092,5.943,,20.159,,,,0.0,,2.236,2.291,,1.478,2.009999999999998,,23.796,86.718,0.65619,148.47,109.19167,103.037,40.127,22.477,91.809,,56.661,148.47,16.534,38.375,,73.676,,109.191,0.14824,66.817,-0.355,16.187,16.187,21.159,21.514,,4.972,,140.493,45.303,45.303,,,-0.479,0.389,6.78,-2.897,-0.479,24.121,0.331,3.243,-0.421,0.557,-2.641,0.165,21.302,21.159,-0.612,,0.0,FDM.L,L,58.281,,,-7.997,,,,,,1.013,,30.935,,,6.381,,,,,,,,,,,,,,,,,,,,,,,,,,,,,,,,,,
2019-12-31,33.115,9.687,,36.979,1.092,5.68,,19.799,,,,0.0,,2.105,0.925,,1.732,1.0210000000000008,22.737,24.621,71.524,0.50615,123.068,109.18674,76.916,30.522,23.162,75.064,,48.004,123.068,17.482,34.136,,70.639,,109.769,0.19597,66.494,-0.33,21.511,21.511,27.583,27.939,-0.026,6.072,,137.133,38.555,38.55500000000001,,,-0.887,0.42199999999999993,6.719,-20.371000000000002,-0.887,29.706000000000003,-1.8920000000000012,3.281,-0.45899999999999985,-0.128,-2.7390000000000003,0.15700000000000003,8.32,27.583,0.734,,-17.33,FDM.L,L,36.979,,,-8.164,,,,,,,,,,,5.801,,,,,,,,,,,,,,,,,,,,,,,,,,,,,,,,,,
2019-06-30,30.394,9.582,,28.659,1.091,5.474,,19.732,,,,0.0,,3.707,2.142,,1.988,0.9920000000000009,23.214,26.28,65.949,0.46567,122.236,109.1301,74.236,32.395,24.764,70.551,,51.685,122.236,19.29,31.386,,69.314,,108.859,0.1756,65.082,-0.303,19.116,19.116,24.9,25.236,-0.033,5.784,,134.396,39.846,39.846000000000004,,,-2.145,0.405,4.29,-20.204,-2.145,17.141,-12.77,2.956,1.503,-0.04,-2.089,-2.835,-5.248,24.9,2.055,,-16.783,FDM.L,L,28.659,,,-8.213,,,,,,,,,,,14.191,,,,,,,,,,,,,,,,,,,,,,,,,,,,,,,,,,
2020-03-31,386.328,205.162,151.123,151.123,14.749,80.472,39.394,230.617,174.875,11.104,5.815,0.0,8.993,18.292,-144.609,94.965,36.592,2.2350000000000136,258.816,267.875,877.454,0.57518,1695.632,250.62564,573.32,357.58,338.862,945.08,24.641,750.552,1695.632,258.39,388.563,,491.046,,250.7869,0.22174,202.544,-5.315,55.245,55.295,62.27,68.524,-0.939,6.975,,693.59,117.506,134.02000000000004,-4.056,21.524,-23.141,5.93,17.348,-38.762,-43.182,97.526,-2.98,19.459,,0.313,-7.93,0.055,15.895,62.27,-2.747,-20.041,-30.887,UDG.L,L,,0.223,,-7.676,,-0.954,-0.009,21.524,,,,,-154.671,570.309,,422.546,,,,,,,,,,,,,,,,,,,,,,,,,,,,,,,,,
2019-09-30,375.665,198.978,135.228,135.228,14.678,65.297,39.263,241.615,174.734,10.216,5.327,0.0,8.878,34.013,-152.035,98.046,28.209,4.384999999999991,246.685,176.305,846.411,0.44605,1558.601,249.34751,549.409,345.995,240.031,900.356,25.253,658.245,1558.601,174.734,380.05,,441.245,,251.25515,0.26297,200.639,-3.545,34.262,34.507,43.969,48.333,-0.819,9.462,,641.884,107.5,152.30600000000004,24.069,21.206000000000003,-17.493,5.752,15.734,-10.837,-86.91399999999999,65.71400000000001,-17.044999999999998,11.366,,-1.9499999999999997,-0.22699999999999998,0.4909999999999999,-33.987,43.969,6.218,-69.421,-11.101000000000003,UDG.L,L,,0.207,,-7.676,,-0.468,-0.036,21.205,,,,,-143.51,547.52,,319.815,,,,,,,,,,,,,,,,,,,,,,,,,,,,,,,,,
2019-03-31,378.748,198.516,169.215,169.215,14.649,0.021,42.694,226.505,240.681,9.497,3.87,0.0,2.704,39.378,-135.226,66.718,27.54,0.8140000000000214,258.175,181.529,822.237,0.61271,1540.342,248.71264,577.795,297.574,240.702,892.5,26.314,647.842,1540.342,240.681,379.562,,478.765,,250.06976,0.15662,177.874,-3.326,23.189,22.984,30.308,34.074,-0.44,7.324,,656.639,108.196,143.80000000000007,15.977,19.208,-21.998,4.158,9.595,-28.248,-43.739,63.538,-11.678,11.764,,-2.435,0.291,0.685,-10.884,30.308,13.936,-21.741,-29.224,UDG.L,L,,0.175,,-7.676,,0.418,-0.004,19.209,,,,,-134.688,513.606,,316.217,,,,,,,,,,,,,,,,,,,,,,,,,,,,,,,,,
2019-12-28,52.899,68.451,41.136,41.136,18.842,1.63,0.968,1.152,,,,0.0,,0.0,,12.305,4.338,0.14000000000000057,59.209,26.354,-21.316,2.20028,137.475,28.08553,105.631,60.839,2.045,62.948,11.456,74.527,137.475,0.415,53.039,,,,28.12,0.9728,,0.387,27.355,27.355,34.548,34.336,-0.175,7.193,,455.787,,421.451,0,0.219,-4.002000000000001,,7.063,-9.298,-4.002000000000001,11.628999999999998,-23.942999999999998,1.968,,0.14700000000000002,-0.8660000000000001,-1.2860000000000003,-1.524000000000001,34.336,-0.9510000000000001,0,-7.145999999999999,FOUR.L,L,,,,-3.029,,,,421.451,,,,,,,,,,,,,,,,,,,,,,,,,,,,,,,,,,,,,,,,,
2019-06-29,48.212,68.451,42.66,42.66,18.842,1.285,1.12,1.075,,,,0.0,,0.183,,15.046,5.651,0.0,71.517,22.962,-42.182,1.49209,132.132,28.08553,102.444,72.985,1.285,42.981,11.572,89.151,132.132,0.0,48.212,,,,28.136,0.54599,,0.364,15.362,15.362,19.445,19.284,-0.203,4.083,,405.057,,385.773,0,0.221,-4.176,,3.255,-15.615,-4.176,35.052,14.322,1.876,,-0.085,-0.821,-1.281,15.176,19.284,-0.651,0,-13.513,FOUR.L,L,,,,-2.13,,,,385.773,,,,,,,,,,,,,,,,,,,,,,,,,,,,,,,,,,,,,,,,,
2020-02-29,52.078,1198.703,92.12,92.12,4.807,2.389,4.345,93.555,141.445,0.006,,0.0,,0.552,1.972,0.681,,0.0,,20.184,-832.619,-0.34128,701.326,480.68051,144.224,168.985,156.791,372.913,0.026,328.413,701.326,154.402,52.078,,29.548,,443.51854,-0.01298,102.195,-2.925,8.156,8.156,7.269,10.194,0.0,-0.887,,131.743,92.001,92.001,0.0,46.574,-13.798,1.4849999999999994,4.267,-63.867000000000004,-13.798,3.5690000000000026,-39.388,-19.311,-1.4849999999999994,0.962,-62.900999999999996,0.5189999999999912,-73.134,7.2690000000000055,8.425000000000011,,,TRN.L,L,,,0.05,,,,,,,165.735,,0.309,,443.357,,,,0.05,,,,,,,,,,,,,,,,,,,,,,,,,,,,,,,
2019-08-31,54.813,1198.391,165.254,165.254,480.681,2.999,5.564,106.425,215.283,0.064,,0.0,,4.43,0.605,1.551,,0.0,,20.992,-1322.586,-0.40069,790.853,480.68051,220.101,211.364,218.282,357.091,0.034,433.762,790.853,215.283,54.813,,30.054,,480.68051,-0.09009,98.956,-9.123,-89.094,-89.094,-87.5,-78.377,0.0,1.594,,129.01,106.889,177.333,70.444,,-14.56,9.054,0.931,29.102,-14.56,56.598,35.756,23.644,-12.22,-0.363,-76.223,117.545,70.777,-87.5,84.698,,,TRN.L,L,,,,,,,,,,203.935,,,,443.271,,,,,,,,,,,,,,,,,,,,,,,,,,,,,,,,,,,
2019-02-28,47.196,26.283,94.477,94.477,0.155,2.815,7.882,114.77,266.438,0.46,,0.0,,1.093,2.186,29.16,,0.0,,5.462,-102.77,-1.31519,705.661,480.68051,141.698,165.592,269.253,236.589,0.025,469.072,705.661,266.438,47.196,,26.259,,480.68051,-0.00864,83.369,-12.5,-3.155,-3.155,-2.546,10.491,-0.537,0.609,,109.628,72.878,72.878,,37.303,-17.098999999999997,4.96,2.806,-5.885,-17.098999999999997,55.81399999999999,23.213,-16.848,-4.959999999999999,-0.611,-0.925,0.0,32.219,-2.5540000000000003,14.700000000000001,0.0,,TRN.L,L,,,,,,,,,,161.684,,,,443.271,,,,310.735,,,,,,,,,,,,,,,,,,,,,,,,,,,,,,,
2019-12-31,45.0,709.9,459.4,459.4,90.0,240.7,81.3,728.9,693.5,24.9,9.9,0.0,12.5,119.7,2.6,1.6,91.9,0.0,421.8,265.0,-402.6,-0.89573,2004.5,874.1434,516.9,782.2,1059.9,312.9,,1691.6,2004.5,819.2,45.0,,180.7,9.9,874.2,0.05971,589.3,-25.1,35.1,34.2,25.9,51.0,,-8.3,,770.0,,538.3,9.9,40.39999999999999,-34.3,25.200000000000003,-2.8000000000000003,-49.39999999999999,-32.5,110.19999999999999,-17.700000000000003,30.799999999999997,-0.29999999999999893,-2.3000000000000003,-25.80000000000001,-0.09999999999999998,25.999999999999993,51.0,5.699999999999989,1.8000000000000114,-23.200000000000003,WMH.L,L,,7.3,,-87.0,,-0.5,0.9,519.0,,,,,-289.1,367.0,,554.1,,,,,,,,,,,,,,,,,,,,,,,,,,,,,,,,,
2019-07-02,69.4,709.9,433.4,433.4,90.0,247.9,70.5,1101.6,693.1,30.9,7.4,0.0,1.7,109.5,9.9,17.2,61.5,0.0,399.9,281.3,-413.3,-0.90642,1987.2,874.09879,504.5,757.3,1068.7,309.3,,1677.9,1987.2,820.8,69.4,,197.2,8.3,871.8,0.05747,614.5,-25.4,-62.0,-61.2,-63.5,-38.1,,-2.3,,811.7,,652.5999999999999,106.0,35.2,-60.3,18.9,5.9,80.1,-229.7,72.4,-41.9,35.8,-9.3,0.1,157.5,-0.4,-77.1,-38.1,81.4,-169.4,-67.7,WMH.L,L,,12.1,,-87.2,,-0.4,-0.8,538.7,,,,,,,,,,,,,,,,,,,,,,,,,,,,,,,,,,,,,,,,,
2019-01-01,61.7,689.4,510.5,510.5,88.7,,63.8,469.4,719.7,44.7,4.8,0.0,1.7,42.0,6.6,,52.4,0.0,387.3,149.8,-397.8,-0.4502,1511.7,860.06827,573.9,429.3,719.7,298.9,,1212.8,1511.7,719.7,61.7,,193.1,1.0,855.3,0.10195,625.6,-16.9,87.2,87.2,97.7,114.4,0.2,10.5,,818.7,,511.19999999999993,4.6,26.5,-74.19999999999999,17.700000000000003,5.200000000000001,-39.7,-83.69999999999999,87.1,-57.900000000000006,10.2,-3.1,1.9,,0.09999999999999987,-34.400000000000006,114.39999999999998,-6.100000000000023,-9.5,-36.7,WMH.L,L,,,,-88.0,,-3.0,,508.6,,,,,-368.1,216.7,,517.9,,,,,,,,,,,,,,,,,,,,,,,,,,,,,,,,,
2019-12-31,576.4,97.2,209.9,209.9,3.6,45.3,2.1,44.5,148,84,28.9,33.4,0.2,38.8,,50.8,32.7,3.6000000000000227,589.9,295.1,401.7,0.58578,1649.5,143.05672,790.1,723.6,448.5,502.5,,1147.0,1649.5,369.8,580.0,,,35.9,141.8,0.52471,,1.4,65.4,66.0,90.9,89.5,,24.9,,1083.0,695.2,993.5,-1.4,5.6000000000000005,-8.0,13.200000000000001,12.3,-146.6,-10.0,216.4,85.69999999999999,30.3,-0.9999999999999999,-10.4,-139.0,0.3000000000000007,49.4,66.0,28.800000000000004,-2.0,-6.899999999999999,SVS.L,L,,0.7,,,,,-0.6,263.8,,,,16.2,,374.2,,,,,,,,,,,,,,,,,,,,,,,,,,,,,,,,,,,
2019-06-30,488.7,96.8,161.2,161.2,3.6,45.9,4.9,47.0,148,83,29.4,152.1,0.1,23.4,,50.6,31.5,5.900000000000034,402.6,309.7,360.6,0.1979,1542.2,142.99869,655.9,642.9,580.3,461.0,,1081.2,1542.2,382.3,494.6,,,35.1,140.0,0.1815,,-1.4,17.5,17.6,24.7,26.1,,7.1,,847.0,545.3,820.9,-0.3,4.8,-15.5,4.6,13.5,75.8,-18.3,-121.0,-188.1,30.3,-0.9,0.1,126.9,-13.8,-63.4,17.6,14.4,-2.8,-36.4,SVS.L,L,,0.5,,,,,-0.1,240.8,,,,18.9,,385.7,,,,,,,,,,,,,,,,,,,,,,,,,,,,,,,,,,,
2020-03-31,57.012,143.896,,43.611,3.962,,1.104,167.719,94.02,8.432,25.185,0.0,,0.0,,,,0.7060000000000031,35.291,37.767,80.025,0.62781,482.659,78.58775,238.232,156.614,102.989,222.381,4.633,260.278,482.659,102.989,57.718,,434.163,5.614,78.608,0.26359,88.404,-1.224,20.72,20.68,27.038,28.262,,6.358,,522.567,55.239,60.141999999999996,,6.748,-4.857000000000001,1.329,6.040000000000001,0.9320000000000004,-4.704,11.794999999999998,-26.283,2.1640000000000006,-2.3979999999999997,,22.945,1.499,8.023,27.038,2.128,0.153,-21.113999999999997,TEP.L,L,43.611,-0.429,,-5.502,,,0.04,-0.711,,,,121.323,,5.324,132.27,,,,,,,,,,,,,,,,,,,,,,,,,,,,,,,,,,
2019-09-30,48.089,142.405,,35.588,3.954,,0.844,170.089,69.712,8.53,21.939,0.0,,-0.765,,,,0.0,36.039,34.917,79.858,0.5776,410.169,78.43165,169.37,112.688,76.311,220.715,4.914,189.454,410.169,76.311,48.089,,273.914,5.614,78.604,0.19326,79.293,-0.832,15.191,15.08,21.074,21.906,,5.994,,353.207,52.39,57.387,,6.597,-5.462,1.253,11.057,-10.569,-5.233,27.224,-4.077,1.978,-1.253,,11.107,0.677,11.422,21.074,1.652,0.229,-21.1,TEP.L,L,35.588,-0.389,,-5.502,,,0.111,-0.617,,,,77.414,,5.324,80.779,,,,,,,,,,,,,,,,,,,,,,,,,,,,,,,,,,
2019-03-31,48.45,141.732,,24.166,3.95,,0.0,173.655,59.598,8.621,19.052,0.0,,5.065,,,,0.0,31.064,30.579,85.187,0.59203,433.818,78.35478,196.587,147.515,61.214,225.367,4.781,208.451,433.818,61.214,48.45,,415.634,5.614,78.38,0.23784,77.995,-0.729,18.642,18.47,23.699,24.428,,5.229,,493.629,49.085,53.56700000000001,,6.3340000000000005,-4.514,0.5750000000000001,6.951,-7.604999999999999,-4.449,3.4490000000000016,-29.876999999999995,1.603,-0.5750000000000001,,9.869,2.583,-8.605,23.699,1.6899999999999995,0.06499999999999995,-19.481999999999996,TEP.L,L,24.166,-0.278,,-5.502,,,0.172,-1.132,,,,111.386,,5.324,119.19,,,,,,,,,,,,,,,,,,,,,,,,,,,,,,,,,,
2020-06-30,192.7,851.3,,336.7,16.5,84.2,0.5,1272.6,884.8,0.0,2.0,33.9,36.2,39.6,-16.8,83.8,70.2,4.800000000000011,639.7,484.5,-101.9,-0.287,2628.9,1824.01445,799.6,797.4,1101.6,749.1,229.2,1879.8,2628.9,983.5,197.5,,148.8,,1203.0,-0.15904,-2.8,-64.1,-200.3,-199.8,-227.4,-159.3,-4.0,-27.6,,146.0,142.7,156.5,13.8,33.8,-161.5,31.3,7.0,597.3,-159.9,-179.4,-82.9,24.7,-52.2,-6.5,5.7,643.8,251.5,-199.8,44.8,1.6,,AML.L,L,323.2,14.6,,,,,-0.5,,,,13.5,,,,,,,,,,,,,,,,,,,,,,,,,,,,,,,,,,,,,,
2019-12-31,249.7,352.3,,80.1,2.1,92.6,9.9,1183.6,839.1,0.2,1.8,36.3,36.7,27.2,-2.7,65.0,45.7,0.30000000000001137,731.2,432.3,-33.3,-1.21821,2231.1,710.223,567.5,887.3,1065.3,318.4,200.7,1912.7,2231.1,936.4,250.0,,383.5,,1030.586,-0.03577,189.9,-21.4,-62.6,-54.8,-40.8,-14.3,-5.1,14.0,,573.4,164.6,204.20000000000005,39.6,79.9,-148.0,28.9,5.0,122.30000000000001,-146.2,-1.4000000000000021,-102.8,27.400000000000002,-32.6,6.3,154.89999999999998,0.0,-19.000000000000004,-41.60000000000001,35.699999999999996,1.7999999999999998,,AML.L,L,71.2,14.1,,,,,-7.8,0.0,,,8.9,,,,,,,,,,,,,,,,,,,,,,,,,,,,,,,,,,,,,,
2019-06-30,202.2,352.3,,89.5,2.1,87.2,0.0,1154.5,745.6,0.0,2.1,36.7,37.4,18.2,-18.3,76.5,34.8,0.0,734.2,412.0,28.0,-1.11289,2174.7,710.223,571.3,876.3,970.5,364.1,242.2,1810.6,2174.7,846.6,202.2,,259.2,,710.214,-0.07015,147.9,-36.3,-63.8,-62.8,-78.8,-37.7,-4.8,-16.0,,407.1,164.1,185.60000000000002,21.5,32.5,-162.2,23.1,7.5,121.0,-159.0,20.8,2.3,24.7,-23.5,-0.5,144.5,0.0,-17.7,-62.8,24.1,3.2,,AML.L,L,89.5,11.2,,,,,-1.0,,,,0.0,,,,,,,,,,,,,,,,,,,,,,,,,,,,,,,,,,,,,,
2019-12-31,25.3,83.1,259.4,259.4,11.0,132.3,140.8,,759.4,1961.0,,0.0,10.7,11.9,39.8,4.1,4.7,0.0,54.7,43.1,1068.5,2.94799,2305.6,407.39576,295.4,198.9,891.7,1202.4,,1103.2,2305.6,759.4,25.3,,13.9,,407.39576,0.16372,56.8,-11.5,68.0,66.7,74.4,85.6,0.3,7.7,,70.7,10.0,-28.8,0,,0.5,12.4,6.5,-52.99999999999999,180.60000000000002,27.5,-11.999999999999998,0.4,-2.2,-3.3,-41.19999999999999,,151.79999999999998,85.60000000000001,-46.49999999999999,180.10000000000002,-9.599999999999998,CLI.L,L,,0,,,,-46.2,0.0,7.4,,,,,-4.6,1.4,,47.7,,,,,,,,,,,,,,,,,,,,,,,,,,,,,,,,,
2019-06-30,18.9,83.1,107.6,107.6,11.0,61.5,152.6,,897.8,2036.6,,0.0,135.1,5.5,,5.8,4.8,0.0,53.2,44.3,1078.2,2.87411,2348.7,407.39576,261.6,120.2,959.3,1172.3,,1176.4,2348.7,897.8,18.9,,13.8,,407.39576,0.1701,53.8,-15.1,67.5,68.5,84.6,97.8,1.9,16.1,,67.6,9.9,-44.0,0,,-1.0,10.4,6.5,103.6,-116.9,21.4,-14.4,0.6,-1.4,-0.8,124.1,,7.3,97.8,-62.6,-115.9,-19.1,CLI.L,L,,0,,,,-60.2,0.8,6.3,,,,,-4.3,1.4,,48.6,,,,,,,,,,,,,,,,,,,,,,,,,,,,,,,,,
2020-06-30,405.7,14.2,114.1,117.8,81.8,26.0,39.1,647.8,382.5,,3.9,60.9,3.4,97.6,39.6,112.1,124.3,2.400000000000034,391.0,363.6,703.0,0.70121,2012.5,272.1,872.9,575.5,534.1,838.6,343.6,1173.9,2012.5,447.2,408.1,,483.0,9.4,271.5,0.32604,384.0,-8.7,74.0,74.0,93.6,102.2,0.1,19.6,,867.0,,281.79999999999995,9.7,,-20.5,8.8,16.7,-41.7,-42.2,98.8,-64.2,54.6,-8.8,10.2,-33.3,0.4,25.1,102.2,6.2,-21.7,0.0,IMI.L,L,,,,,,-0.3,,263.0,,,3.7,,,,,,,,,,,,,,,,,,,,,,,,,,,,,,,,,,,,,,
2019-12-31,389.7,14.1,88.2,91.8,81.8,43.2,27.5,618.8,357.9,,2.3,60.1,6.2,99.4,21.3,101.4,70.1,2.5,359.4,361.4,592.7,0.3348,1823.6,272.1,771.0,562.1,526.0,709.9,280.8,1113.7,1823.6,422.7,392.2,,548.0,11.4,271.4,0.46868,415.0,-6.8,79.3,79.3,96.6,103.6,-0.2,17.3,,963.0,,311.4,35.7,,-37.4,8.299999999999999,18.300000000000004,-125.9,-79.2,201.9,40.699999999999996,55.900000000000006,-8.299999999999999,1.2000000000000002,-78.80000000000001,1.6,-2.0,103.60000000000001,1.7000000000000002,-41.800000000000004,-40.39999999999999,IMI.L,L,,,,,,-1.6,,265.9,,,3.6,,,,,,,,,,,,,,,,,,,,,,,,,,,,,,,,,,,,,,
2019-06-30,427.9,13.3,101.1,104.5,81.8,105.5,29.3,599.9,376.3,,2.0,71.0,2.9,77.5,28.9,106.3,56.6,2.6000000000000227,384.5,372.1,550.0,0.27228,1888.6,272.15116,858.0,638.5,617.0,674.0,320.1,1214.6,1888.6,440.5,430.5,,511.0,9.7,271.0,0.3262,399.0,-7.7,76.8,74.0,92.7,100.7,-0.3,18.7,,910.0,,298.29999999999995,10.0,,-28.4,11.1,21.9,-102.9,-26.3,112.9,-45.8,54.8,-11.1,-3.2,-16.4,-5.0,-19.5,100.7,3.2,2.1,-70.4,IMI.L,L,,,,,,-2.4,,281.0,,,3.4,,,,,,,,,,,,,,,,,,,,,,,,,,,,,,,,,,,,,,
2020-03-31,126.7,,,146.4,12.8,25.9,3.2,19.6,666.3,,,0.0,,72.6,,4.6,0.0,46.39999999999999,,717.9,104.2,0.0897,1095.1,1000.0,354.3,201.7,799.7,112.6,9.4,982.5,1095.1,773.8,173.1,,65.0,,1000.0,-0.05766,36.8,-69.6,-61.3,-61.5,-57.5,12.1,,4.0,,101.8,24.1,24.700000000000003,0.6,,-27.1,32.7,38.2,-1.5,-26.6,-45.5,-94.5,36.1,,-1.1,-1.5,,-74.7,-57.5,70.4,0.5,,HTWS.L,L,142.9,-0.8,,-4.4,,,0.2,,,12.5,3.5,90.7,-625.7,3.3,25.4,1343.6,,,,,,,,,,,,,,,,,,,,,,,,,,,,,,,,,
2019-12-31,122.7,0.0,,221.1,12.8,40.6,3.1,24.2,665.1,0.0,,0.0,,76.0,,5.9,41.0,43.8,,740.1,167.5,0.14795,1220.5,996.95373,411.0,266.9,809.9,175.9,9.3,1044.6,1220.5,769.3,166.5,,65.037,4.157,978.59979,-0.08639,34.737,-35.103,-107.169,-107.453,-52.313,-17.21,,55.14,,99.774,14.672,51.94699999999999,33.118,,-26.658,4.647000000000006,11.405000000000001,163.079,-26.501000000000005,21.043000000000003,2.1680000000000064,36.127999999999986,40.4,0.19899999999999995,-1.2209999999999965,123.9,157.82,-52.313,35.059999999999995,0.15700000000000003,,HTWS.L,L,216.8,-0.6,,-4.4,,,0.284,,,18.0,4.3,132.3,-597.2,4.2,14.1,1337.3,,,,,,,,,,,,,,,,,,,,,,,,,,,,,,,,,
2019-09-30,118.268,186.951,,63.267,909.154,26.163,6.348,37.092,663.67,0.0,,0.0,,79.401,,16.526,55.346,31.137,,742.088,-1004.71,0.04966,1089.684,909.12491,246.005,209.042,792.916,91.395,9.449,998.289,1089.684,766.753,149.405,,64.148,5.211,909.12491,0.00377,33.197,-3.835,-6.423,-6.655,-3.779,0.056,,2.876,,97.345,12.781,33.141000000000005,15.149,,-35.185,33.462,0.669,-1.5630000000000024,-35.08,10.447,-32.569,37.284000000000006,,-0.30199999999999994,-1.5630000000000024,,-26.497999999999998,-3.779,9.511000000000003,0.10500000000000043,,HTWS.L,L,56.794,-0.38,,,,,0.232,,,12.59,6.473,90.888,-572.157,9.153,23.884,1314.245,,,,,,,,,,,,,,,,,,,,,,,,,,,,,,,,,
2019-06-30,83.326,186.951,,89.765,909.154,39.852,6.348,30.957,662.622,0.0,,0.0,,55.336,,16.526,31.362,42.29400000000001,,762.004,-995.471,0.06657,1085.731,909.12491,252.255,196.788,805.483,100.634,9.979,985.097,1085.731,765.631,125.62,,67.376,5.196,909.12491,-0.00971,29.594,-15.739,-12.874,-13.058,-9.977,5.762,,3.081,,96.97,12.409,23.831999999999994,6.227,,-20.734,5.802999999999997,0.853,-1.6829999999999998,-30.697000000000003,12.507000000000001,-31.656,38.178,,0.14700000000000002,-1.6829999999999998,,-19.726000000000003,-9.976999999999999,15.962,-9.963000000000001,,HTWS.L,L,53.275,-0.196,,,,,0.184,,,13.548,36.49,88.052,-548.348,9.153,26.891,1310.353,,,,,,,,,,,,,,,,,,,,,,,,,,,,,,,,,
2020-01-26,1.777,143.294,47.413,47.413,2.094,62.614,38.212,12.378,843.477,11.572,,0.0,1.911,30.564,-45.787,57.096,9.706,1.8100000000000003,,2049.025,215.199,2.88907,2177.849,104.678,95.168,381.589,1448.766,314.8,23.453,1863.049,2177.849,1386.152,3.587,,,,104.81029,0.41913,,-29.145,26.18,26.18,35.677,67.825,,9.497,,933.021,,865.196,12.945,1.925,-34.532,15.083,21.48,27.806,-135.778,112.435,-26.054,62.143,-0.321,,52.213,-15.715,4.463,26.18,48.241,-101.246,-8.371,JDW.L,L,,,,,-3.003,,,852.251,,165.309,,123.102,-926.403,,18.804,2975.428,,,,,,,,,,,,,,,,,,,,,,,,,,,,,,,,,
2019-07-28,21.903,143.294,42.95,42.95,2.102,3.287,39.416,23.07,770.076,5.531,,0.0,,15.058,-35.36,62.257,19.697,0.0,308.326,1384.971,206.776,2.79493,1521.839,105.098,88.57,326.671,779.97,316.812,23.717,1205.027,1521.839,776.683,21.903,,,,105.37766,0.3825,,-16.263,34.829,34.829,46.794,64.056,,11.965,,929.187,,865.131,4.39,3.7870000000000004,-28.235999999999997,16.401,11.122000000000002,1.1240000000000023,-61.96199999999999,66.43400000000001,-49.434,36.95399999999999,-5.806,,23.59,-12.442999999999998,5.596,34.829,40.297999999999995,-33.726000000000006,-4.216999999999999,JDW.L,L,,,,,-0.999,,,860.741,,,,,-896.672,,,2281.643,,,,,,,,,,,,,,,,,,,,,,,,,,,,,,,,,
2019-01-27,1.593,143.294,37.354,37.354,2.11,3.207,38.506,23.313,750.017,7.467,,0.0,3.383,34.736,-16.26,49.153,23.357,1.032,,1356.259,182.951,2.73724,1498.237,105.501,87.841,340.371,761.319,312.095,22.769,1186.142,1498.237,758.112,2.625,,,,105.50104,0.37628,,-13.195,37.948,37.948,48.625,61.836,,10.677,,889.606,,827.77,1.635,3.847,-26.085,17.556,8.539,-45.418,-87.476,107.157,-3.072,36.825,-0.462,,-27.561,-8.96,-25.737,37.948,31.609,-61.391,-8.435,JDW.L,L,,,,,-0.016,,,826.135,,202.514,,99.914,-862.742,,21.71,2219.001,,,,,,,,,,,,,,,,,,,,,,,,,,,,,,,,,
2020-04-30,106.1,74.2,255.5,257.1,12.8,4.5,,,346.9,6.2,56.8,0.0,,8.2,,143.3,5.8,17.30000000000001,339.8,9.7,721.0,3.03207,1656.3,256.92054,1548.8,352.5,357.0,808.0,1168.3,848.3,1656.3,352.5,123.4,,204.1,,256.8,0.10436,35.9,-6.6,-40.5,-40.5,-51.2,-44.6,,-10.7,,240.0,24.8,80.50000000000003,55.7,,-0.2,4.4,8.1,212.4,-3.3,-124.2,-136.3,5.2,0.4,,213.5,-1.5,84.9,-40.5,47.4,-3.1,0.0,CRST.L,L,,,,,,,,,,,1.6,,,29,,,,,,,,,,,,,,,,,,,,,,,,,,,,,,,,,,,
2019-10-31,145.3,74.2,170.6,171.6,12.8,1.9,0.0,,131.5,8.2,58.5,0.0,,8.1,,167.4,6.4,0.0,412.9,6.1,767.4,3.21267,1576.2,256.92054,1468.0,422.9,133.4,854.4,1151.1,721.8,1576.2,131.5,145.3,,501.3,,256.66182,0.12981,83.2,-5.5,30.6,30.6,38.3,43.8,,7.7,,584.5,36.0,39.400000000000034,3.4,,-2.0999999999999996,6.1,13.0,-150.2,-15.4,150.8,105.3,1.4,1.3,,-120.0,-2.8,-14.799999999999999,30.6,13.5,-13.3,-28.700000000000003,CRST.L,L,,,,,,,,,,,1.0,,,29,,,,,,,,,,,,,,,,,,,,,,,,,,,,,,,,,,,
2019-04-30,129.0,74.2,185.4,187.9,12.8,1.9,0.0,,251.8,7.0,67.2,0.0,,13.9,,144.2,8.0,0.0,344.8,5.4,773.8,3.23758,1617.4,256.92054,1500.8,360.6,253.7,860.8,1183.9,756.6,1617.4,251.8,129.0,,401.6,,257.2,0.20179,100.3,-6.4,51.9,51.9,64.4,70.8,,12.5,,501.9,29.5,29.5,,,-1.7,5.0,11.2,26.1,0.6,-25.6,-96.8,1.1,0.0,,83.1,-1.0,1.1,51.9,18.2,2.3,-56.0,CRST.L,L,,,,,,,,,,,2.5,,,29,,,,,,,,,,,,,,,,,,,,,,,,,,,,,,,,,,,
2020-03-31,179.8,462.0,380.8,380.8,5.8,456.5,13.8,753.2,690.0,13.6,47.7,0.0,,39.1,,43.4,26.5,9.0,498.2,1988.8,-12.6,-0.5582,3434.2,533.85604,604.4,993.8,2315.0,455.2,34.8,2979.0,3434.2,1858.5,188.8,,358.4,204.2,448.92255,-0.08197,856.2,-24.5,-36.1,-32.7,-34.3,-6.7,-3.1,-1.6,,1214.6,500.7,862.9,,4.0,-122.6,10.4,20.1,160.1,-144.7,137.3,-63.1,200.2,-26.1,-5.2,-21.3,207.5,147.5,-32.7,28.9,-22.1,0.0,SSPG.L,L,,69.5,,,,,-3.4,158.0,,,,,,,,,,,,,,,,,,,,,,,,,,,,,,,,,,,,,,,,,
2019-09-30,205.4,461.2,233.3,233.3,4.8,128.8,13.7,747.1,587.9,17.3,54.3,0.0,,35.5,,58.2,28.2,0.799999999999983,551.9,466.5,-138.0,-0.94211,1791.6,444.85252,478.2,716.2,716.7,328.0,38.7,1463.6,1791.6,587.9,206.2,,437.3,53.5,468.30294,0.21375,1095.7,-10.8,98.6,114.2,145.8,157.6,-1.0,31.6,,1533.0,727.4,938.1000000000001,,3.9000000000000004,-82.3,11.8,18.400000000000002,-103.5,-77.10000000000001,243.89999999999998,29.300000000000004,49.599999999999994,-39.4,3.9000000000000004,111.5,,67.2,114.2,46.900000000000006,5.2,-175.60000000000002,SSPG.L,L,,87.6,,,,,-15.6,157.2,,,,,,,,,,,,,,,,,,,,,,,,,,,,,,,,,,,,,,,,,
2019-03-31,178.1,461.2,166.1,166.1,4.8,90.5,12.5,724.8,509.0,13.8,54.9,0.0,,47.8,,45.3,25.7,8.200000000000017,461.9,420.5,-89.7,-0.78353,1628.0,444.78252,388.3,600.2,599.5,376.3,35.9,1251.7,1628.0,509.0,186.3,,369.4,53.7,448.32571,0.0629,892.2,-7.0,28.3,39.3,51.4,61.6,-3.2,12.1,,1261.6,633.7,830.6,,5.0,-111.7,6.7,18.7,76.9,-115.7,57.3,-62.7,48.7,-18.5,-0.2,120.6,,18.3,39.3,27.0,-4.0,-25.2,SSPG.L,L,,84.7,,,,,-11.0,143.2,,,,,,,,,,,,,,,,,,,,,,,,,,,,,,,,,,,,,,,,,
2020-03-31,234.2,,172.2,172.2,4.5,4.8,10.4,165.8,298.2,41.9,18.3,0.0,,154.5,,139.5,4.5,13.600000000000023,,45.2,882.6,1.60289,1737.1,450.0,1461.4,372.9,329.7,887.1,1041.4,850.0,1737.1,324.9,247.8,,401.6,5.1,450.9,0.08339,79.6,6.2,36.4,36.4,43.7,41.0,-3.5,7.3,,481.2,33.3,38.599999999999966,0.2,6.1,-4.9,1.9,45.4,248.3,-4.8,-146.9,-198.4,4.2,,,294.5,0,96.6,43.7,-2.5,0.1,-46.2,CSP.L,L,,2.3,,,,,0.0,,,84.3,0.0,129.3,,,,,,,,,,,,,,,,,,,,,,,,,,,,,,,,,,,,,
2019-09-30,232.8,,75.6,80.6,4.5,,10.9,170.9,2.2,65.7,15.2,0.0,,26.5,,130.6,5.3,0.0,322.6,12.8,892.3,1.61311,1391.9,450.0,1122.0,349.1,2.2,896.8,808.6,495.1,1391.9,2.2,232.8,0.0,576.5,5.1,454.0,0.24758,153.6,25.9,110.6,110.9,133.3,110.2,-2.8,22.4,,730.1,37.7,43.39999999999998,0.6,5.8999999999999995,-5.7,2.5,9.5,-66.8,54.1,88.2,-31.299999999999997,1.5000000000000002,,,-40.0,0,75.5,133.3,-21.200000000000003,59.800000000000004,-26.8,CSP.L,L,,2.3,,,,,-0.3,,,,5.0,,,,,,,,,,,,,,,,,,,,,,,,,,,,,,,,,,,,,,
2019-03-31,234.6,,13.2,13.2,4.5,,11.9,175.2,39.9,55.6,15.0,13.1,,16.8,,94.2,8.9,0.0,303.8,10.0,806.2,1.41222,1292.4,450.0,1027.7,333.7,53.0,810.7,779.9,481.7,1292.4,39.9,234.6,0.0,407.0,5.1,446.2,0.14724,100.0,14.8,57.1,57.5,70.3,60.2,-4.7,12.8,,507.0,28.3,39.80000000000001,6.4,5.8,-5.2,1.3,18.4,-2.2,-11.9,-33.0,-103.7,0.7,,,40.0,-13,-47.1,70.3,-6.1,-6.7,-29.2,CSP.L,L,,2.0,,,,,-0.4,,,,,,,,,,,,,,,,,,,,,,,,,,,,,,,,,,,,,,,,,,
2019-12-31,42.6,3.7,99.5,99.5,3.3,6.0,4.0,79.9,,0.9,0.6,17.7,,103.6,-2.1,,2.8,0.0,,46.3,160.5,-0.20551,433.1,368.34779,142.1,235.6,52.5,164.7,,268.4,433.1,28.8,42.6,,,10.8,367.85264,0.06443,,-4.4,21.9,21.9,23.1,27.5,,1.2,16.3,283.0,97.1,255.5,0.7,10.3,-11.200000000000001,0.8999999999999999,1.7999999999999998,-30.8,-18.30000000000001,37.89999999999999,-4.2,6.6,-0.8999999999999999,-0.3,-19.0,0.1,-11.5,23.099999999999998,2.0999999999999996,-7.100000000000001,-11.0,888.L,L,,,,-0.7,,,,130.6,,28.4,,79.9,,160.5,,,,,,,,,,,,,,,,,,,,,,,,,,,,,,,,,,,
2019-06-30,43.8,3.6,111.0,111.0,3.3,4.8,,81.7,,1.1,0.8,32.8,,114.9,-2.0,,1.8,0.0,,39.5,148.8,-0.2433,440.0,367.8546,154.8,265.9,59.2,152.5,,287.5,440.0,21.6,43.8,,,15.3,370.75188,0.06258,,-2.5,19.7,19.7,22.2,24.7,,2.5,17.3,277.3,103.7,252.6,1.6,9.3,-11.6,0.5,4.9,-0.9,-64.6,43.7,0.3,6.0,-0.5,-0.2,29.0,0.0,-22.0,22.2,5.9,-53.0,-29.4,888.L,L,,,,-1.2,,,,114.7,,38.4,,75.0,,160.3,,,,,,,,,,,,,,,,,,,,,,,,,,,,,,,,,,,
2019-12-31,251.868,0,,43.754,65.1,105.766,1.788,186.236,210.93,54.678,2.533,59.895,63.388,49.382,-20.115,24.379,,2.1910000000000025,,57.397,195.582,-0.41646,936.937,500.0,373.532,460.281,377.444,240.567,,696.37,936.937,211.783,254.059,,36.643,25.353,500.0,0.10002,145.918,-12.439,42.893,43.247,46.749,59.188,,3.502,,182.561,64.035,86.73,0,,-36.419000000000004,10.723,4.119999999999999,-18.009,-32.964,90.47199999999998,5.266,25.528,-0.7909999999999999,0.405,-4.397,-12.821,39.903999999999996,42.574,17.104000000000003,3.455,,NETW.L,L,43.754,-1.861,,,,-2.658,0.319,,,167.167,,78.071,-120.543,262.561,12.331,177.94,,,,,,,,,,,,,,,,,,,,,,,,,,,,,,,,,
2019-06-30,304.269,0,,56.381,65.1,182.426,1.736,424.037,243.816,54.743,0.592,0.0,90.822,0.432,-20.57,22.516,,0.0,,54.8,165.931,-0.42715,985.644,500.0,451.472,508.657,426.242,210.461,,775.183,985.644,243.816,304.269,,31.983,21.436,500.0,0.07554,120.362,-12.405,14.711,15.764,18.894,31.299,,3.13,,152.345,70.268,89.063,0,,-42.891,10.577,6.295,-12.027,-42.53,40.978,-12.176,21.799,-2.112,,-9.915,,-13.579,14.384,16.971,0.361,,NETW.L,L,56.381,-1.542,,,,-2.641,0.327,,,325.799,,,,,,,,,,,,,,,,,,,,,,,,,,,,,,,,,,,,,,,
2020-03-31,15.3,378.6,172.5,172.5,76.9,,,,1100.4,3601.6,,0.0,,13.1,,,15.9,9.5,8.1,1.2,2236.2,8.75634,3822.9,307.4,204.2,30.8,1100.4,2691.7,,1131.2,3822.9,1100.4,24.8,,16.5,,307.4,-0.93559,46.2,-27.1,-287.6,-287.6,-287.6,-260.5,,0.0,,62.7,6.5,306.7,,,0.0,15.1,,122.2,-19.4,15.7,-25.1,0.2,,,150.0,0.0,118.5,-287.6,328.2,-19.4,-27.8,SHB.L,L,,,,,,300.2,,,,5.0,,4.6,,,6.9,,,,,,,,,,,,,,,,,,,,,,,,,,,,,,,,,,
2019-09-30,19.8,378.6,54.0,54.0,76.9,,,,949.8,3893.5,,0.0,,28.1,,,16.8,7.699999999999999,9.3,1.4,2551.7,9.78269,4000.8,307.4,89.1,43.8,949.8,3007.2,,993.6,4000.8,949.8,27.5,,13.6,,307.4,-0.04131,49.4,-22.9,-12.7,-12.7,-12.7,10.2,,0.0,,63.0,7.7,39.199999999999996,,,-0.09999999999999998,15.0,,-26.500000000000004,-50.599999999999994,20.3,-21.5,0.10000000000000003,0.0,,0.0,0.2,-56.8,-12.700000000000003,54.400000000000006,-50.5,-26.7,SHB.L,L,,,,,,31.5,,,,3.5,,2.9,,,7.6,,,,,,,,,,,,,,,,,,,,,,,,,,,,,,,,,,
2019-03-31,16.5,378.4,110.8,110.8,76.8,,,,949.2,3881.0,,0.0,,26.6,,,15.1,6.600000000000001,8.0,1.4,2590.6,9.90826,4040.2,307.4,142.7,45.2,949.2,3045.8,,994.4,4040.2,949.2,23.1,,15.3,,307.7,0.12577,48.6,-21.4,38.7,38.7,38.7,60.1,,0.0,,63.9,7.5,-11.5,,,-0.4,15.2,,-26.2,-11.8,30.3,-12.5,0.3,0.0,,0.0,0.0,-7.7,38.7,3.8,-11.4,-26.2,SHB.L,L,,,,,,-19.0,,,,3.3,,7.3,,,8.8,,,,,,,,,,,,,,,,,,,,,,,,,,,,,,,,,,
2020-06-30,176.3,111.7,50.8,122.7,71.8,94.6,1.0,15.1,188.4,6.7,2.8,0.0,0.6,43.4,-3.5,177.3,11.8,1.799999999999983,160.8,327.8,61.1,0.15348,996.6,285.36999,451.2,298.8,334.5,240.1,149.8,756.5,996.6,239.9,178.1,-1,,3.7,284.6,0.17885,,-4.6,-27.4,-27.0,-25.5,-19.7,-1.2,1.5,,477.8,,497.5,68.9,3.7,-16.0,5.0,7.0,20.3,-15.8,46.9,-23.1,22.4,-6.9,2.6,27.1,0.1,54.0,-27.0,70.9,0.2,0.0,MGAM.L,L,71.9,39.5,0.43728,,,,-1.2,424.9,,,,,-660.8,181.2,,988.6,,,,,,,,,,,,,,,,,,,,,,,,,,,,,,,,,
2019-12-31,181.0,111.7,9.1,68.7,71.8,11.7,4.9,29.7,176.2,6.5,5.7,49.3,1.5,36.4,-12.8,168.5,6.0,2.3000000000000114,173.3,366.3,101.0,0.23093,985.1,285.36999,395.8,270.7,289.8,270.7,142.3,714.4,985.1,228.8,183.3,-1,,4.0,286.0,0.12692,,-5.5,37.8,40.4,55.0,62.8,-2.3,14.6,,523.7,,460.9,,4.0,-27.2,7.3999999999999995,14.4,-42.6,-26.4,82.7,-9.200000000000003,21.799999999999997,-5.7,-4.7,-22.7,-2.8,9.0,41.9,24.2,0.7999999999999998,-11.400000000000002,MGAM.L,L,59.6,41.5,0.43728,,,,-4.1,456.9,,,,,-584.2,175.1,,950.5,,,,,,,,,,,,,,,,,,,,,,,,,,,,,,,,,
2019-06-30,208.9,111.7,10.1,59.7,71.8,80.5,10.8,33.9,184.9,5.9,5.1,0.0,0.3,37.0,3.4,206.6,12.5,0.9000000000000057,178.7,373.1,45.3,0.06097,1032.9,285.36999,422.5,296.2,322.6,231.2,152.7,801.7,1032.9,242.1,209.8,-1,,4.1,286.4,0.12325,,-6.3,35.3,39.4,54.7,63.3,-2.3,15.3,,525.8,,462.5,,4.1,-29.2,6.8,14.4,-20.6,-27.0,39.5,-49.3,20.6,-2.8,0.2,1.8,0.3,-7.9,39.4,24.7,2.2,-19.9,MGAM.L,L,49.6,46.0,0.43728,,,,-4.1,458.4,,,,,-604.1,179.9,,977.2,,,,,,,,,,,,,,,,,,,,,,,,,,,,,,,,,
2019-12-31,,22.2,292.9,292.9,0.3,1.6,,,,,1.2,0.0,,6.8,,0.0,,,,8.1,318.6,2.60569,316.9,109.0307,307.6,28.7,5.7,284.1,,32.8,316.9,4.1,6.9,,15.9,,111.47453,0.89796,190.6,-0.2,100.1,100.1,125.4,125.6,,25.3,,206.5,65.0,65.0,,,0.0,,19.6,-143.2,0.0,108.69999999999999,-18.799999999999997,1.1,,0.09999999999999998,-0.9,-41.2,-34.4,100.1,26.3,0,-101.1,PLUS.L,L,,,,-57.0,,,,,,10.2,,10.1,-3.0,,7.8,11.1,,,,,,,,,,,,,,,,,,,,,,,,,,,,,,,,,
2019-06-30,,22.2,327.3,327.3,0.3,1.5,,0.2,,0.6,,0.0,0.4,80.7,,0.7,0.9,,,8.8,249.4,2.25881,357.0,113.28977,346.5,95.7,6.0,256.1,,100.9,357.0,4.5,18.8,,15.2,1.1,113.44667,0.45484,132.8,-0.6,51.6,51.6,63.9,64.5,,12.3,,148.0,67.2,68.3,,,-0.1,,28.0,-6.9,-0.1,18.6,-37.1,1.1,,0.4,-0.9,-6.0,12.0,51.6,3.0,0,0.0,PLUS.L,L,,,,-15.8,,,,,,13.5,0.0,,,,,,,,,,,,,,,,,,,,,,,,,,,,,,,,,,,,,,
2020-03-31,47.7,197.0,181.8,181.8,14.7,4.5,4.8,112.5,129.1,0.2,,0.0,0.0,9.4,,1.8,2.4,2.299999999999997,,14.3,159.9,0.23874,592.8,98.01451,231.8,78.5,144.7,367.5,,225.3,592.8,140.2,50.0,,69.3,12.5,96.44956,0.27683,75.0,3.2,21.0,21.0,27.1,24.7,-0.8,6.1,,144.3,33.4,50.3,4.4,10.1,-2.2,0.8,2.2,178.0,-35.8,32.7,-7.6,2.4,-3.2,0.3,81.6,100.6,175.2,21.0,6.8,-33.6,-1.0,FUTR.L,L,,,,-4.1,,,,,,64.6,,,,231.6,,,,,,,,,,,,,,,,,,,,,,,,,,,,,,,,,,,
2019-09-30,41.9,97.2,6.6,6.6,12.5,4.3,0.4,110.3,42.6,0.2,,0.0,1.4,49.9,,13.4,3.7,1.1000000000000014,,2.5,104.0,-1.38285,386.4,83.59542,51.0,116.6,46.9,213.4,,173.0,386.4,42.6,43.0,,54.6,9.2,87.60302,0.17579,58.2,-0.2,0.6,0.6,3.8,5.0,-1.0,3.2,,112.8,31.2,53.199999999999996,12.8,8.7,-2.1999999999999997,1.1,2.1,-0.5,-25.099999999999994,23.8,-0.2999999999999998,0.5,-0.8,2.7,0.3000000000000007,0.0,0.8999999999999999,0.5999999999999996,14.3,-22.900000000000006,0.0,FUTR.L,L,,,,-0.3,,,,,,62.4,,,,218.7,,,,,,,,,,,,,,,,,,,,,,,,,,,,,,,,,,,
2019-03-31,35.4,97.2,5.7,5.7,12.4,0.0,0.0,68.9,44.5,0.2,,0.0,,2.4,,32.2,2.9,0.10000000000000142,,1.7,77.3,-1.06441,320.4,82.48711,41.2,57.1,44.5,186.6,0.0,133.8,320.4,44.5,35.5,,60.4,6.2,85.8516,0.14327,48.3,-1.1,7.5,7.5,8.9,10.0,0.0,1.4,,108.7,29.8,38.300000000000004,2.3,5.8,-3.4,0.4,1.0,18.7,-44.7,25.3,3.9,0.4,-0.7,0.0,19.8,,-0.7,7.5,7.7,-41.3,-0.4,FUTR.L,L,,,,-0.3,,,,,,54.7,,,,205.5,,,,,,,,,,,,,,,,,,,,,,,,,,,,,,,,,,,
2020-03-31,98.8,,25.9,25.9,5.7,6.3,11.0,98.4,55.8,0.0,,0.0,,20.0,29.3,18.5,0.5,0.0,88.5,61.2,285.2,0.55369,551.9,113.23956,232.7,114.8,90.4,320.2,108.0,231.7,551.9,84.1,98.8,,180.3,,113.17742,0.32162,103.3,-1.6,31.1,31.3,41.6,42.2,-0.1,10.3,,283.6,61.1,61.099999999999994,,,-6.4,0.7,13.1,-15.5,-14.9,29.2,-26.9,6.0,-0.7,0.1,10.4,-2.0,-1.1,42.2,7.9,-8.5,-23.2,DPLM.L,L,,3.3,,,1.1,,-0.2,,,,,,,159.1,,,,,,,,,,,,,,,,,,,,,,,,,,,,,,,,,,,
2019-09-30,91.1,,27.0,27.0,5.7,,8.8,98.8,42.1,0.0,,0.0,,17.7,36.2,18.3,0.5,0.0,90.2,26.7,279.4,0.59608,501.7,113.23956,220.7,107.9,42.1,321.3,102.6,180.4,501.7,42.1,91.1,,181.0,,113.07421,0.23878,103.3,-0.3,32.0,32.2,43.4,44.0,-0.3,11.2,,284.3,59.3,59.30000000000001,,,-7.4,0.0,12.299999999999999,31.5,-78.2,49.9,-4.799999999999997,2.8000000000000003,0.0,1.8,41.1,0.0,5.0,43.99999999999999,7.8999999999999995,-70.8,-9.600000000000001,DPLM.L,L,,3.3,,,,,-0.2,,,,,,,155.0,,,,,,,,,,,,,,,,,,,,,,,,,,,,,,,,,,,
2019-03-31,85.2,,22.0,22.0,5.7,0.0,8.5,53.2,,0.7,,0.0,,10.6,26.0,10.3,0.5,0.0,84.7,22.9,262.4,0.99435,411.2,113.23956,205.6,95.3,0.0,294.1,98.4,117.1,411.2,0.0,85.2,,166.7,,113.17143,0.30485,93.7,0.1,29.9,30.2,40.1,40.1,-0.1,9.9,,260.4,53.6,53.60000000000002,,,-3.5,0.1,9.6,-23.4,-11.0,20.4,-26.6,2.6,-2.0,0.0,0.0,-1.2,-14.0,40.1,4.3,-7.5,-20.2,DPLM.L,L,,3.0,,,,,-0.3,,,,,,,128.3,,,,,,,,,,,,,,,,,,,,,,,,,,,,,,,,,,,
2019-11-30,14.282,269.535,,145.488,36.24,,,,73.902,1434.244,,0.0,,6.048,,,,0.0,,,1208.289,27.99185,1594.014,54.08945,159.77,6.048,73.902,1514.064,,79.95,1594.014,73.902,14.282,,9.938,,54.08945,0.28612,17.789,,15.476,15.476,16.541,16.541,,1.065,,27.727,,1.2479999999999993,,,,,1.833,-12.804,27.07,-6.466,-6.187,,,-5.085,-12.804,0.0,2.715,17.618,-17.897,27.07,,PIN.L,L,145.488,,,,,,,1.248,,,,,,,,,,,,,,,,,,,,,,,,,,,,,,,,,,,,,,,,,
2019-05-31,3.222,269.535,,142.773,36.24,,,,92.359,1449.634,,0.0,,4.682,,,,0.0,,,1192.813,27.70574,1595.629,54.08945,145.995,4.682,92.359,1498.588,,97.041,1595.629,92.359,3.222,,9.433,,54.095,0.95974,53.434,,51.917,51.917,53.199,53.199,,1.282,,62.867,,0.23499999999999943,,,,,2.7380000000000004,-19.427,51.488,-5.326,-3.803000000000001,,,2.1560000000000006,-18.927,-0.5,28.891,54.26400000000001,-55.78699999999998,51.488,,PIN.L,L,142.773,,,,,,,0.235,,,,,,,,,,,,,,,,,,,,,,,,,,,,,,,,,,,,,,,,,
2019-12-31,681.3,,66.6,66.6,9.2,987.1,,45.0,351.0,13.8,61.0,0.0,,363.8,34.7,13.5,195.0,24.0,788.8,7190.7,953.5,0.18195,8953.3,884.30207,773.2,2139.7,6906.7,880.5,1.3,8072.8,8953.3,5919.6,705.3,,1078.0,,922.85613,0.04486,272.6,-125.1,150.8,41.4,14.5,139.6,,-26.9,,1350.6,136.0,133.0,,4.799999999999999,-73.09999999999997,10.1,34.8,-511.4,29.6,505.20000000000005,-239.0,560.5999999999999,,2.1,-444.20000000000005,-47.9,25.5,14.5,164.3,102.69999999999999,-19.300000000000004,IWG.L,L,,,,-116.9,,-3.0,,,,,,,,674.6,,,,,,,,,,,,,,,,,,,,,,,,,,,,,,,,,,,
2019-06-30,617.9,,41.1,41.1,9.2,916.8,,42.5,314.6,13.4,65.7,0.0,,355.3,-4.4,467.4,116.2,34.0,852.6,7126.5,861.0,0.08744,8731.2,895.43017,693.0,2124.7,6261.2,794.7,,7936.5,8731.2,5344.4,651.9,,1008.6,,895.0237,0.04112,293.8,-106.9,299.8,36.8,41.4,148.3,,4.6,,1302.4,145.2,145.4999999999999,,4.9,-296.1,11.1,14.0,-847.4,0.9,816.5,61.0,592.5,,2.1,-809.8,1.3,-27.9,41.4,116.7,297.0,-38.9,IWG.L,L,,,,-71.1,,0.3,,,,,,,,673.9,,,,,,,,,,,,,,,,,,,,,,,,,,,,,,,,,,,
2019-12-28,11.6,1.6,0,0.0,2.0,68.7,0,26.6,41.4,,,0.0,1.3,4.5,-0.9,2.8,4.5,0.0,,462.7,141.6,0.58273,664.1,201.98104,170.3,207.0,378.7,144.3,157.4,519.8,664.1,310.0,11.6,,283.9,,203.7,0.332,301.1,-4.0,67.6,67.6,83.6,87.6,,16.0,,585.0,,213.5,,3.5,-17.1,3.1,28.0,-135.5,-17.1,108.1,-19.3,35.3,-3.1,-0.8,-27.0,0.6,-45.3,83.6,5.0,0.0,-106.0,DNLM.L,L,,,,,,,,213.5,,60.3,,73.5,-207.6,,,388.6,,,,,,,,,,,,,,,,,,,,,,,,,,,,,,,,,
2019-06-29,25.6,1.6,19,19.0,2.0,,0,27.3,44.3,,,0.0,5.1,13.9,5.0,37.2,1.8,0.0,,180.6,177.2,0.78478,417.1,201.96629,207.4,149.8,44.3,185.8,157.7,231.3,417.1,44.3,25.6,,280.3,,203.252,0.22386,268.3,-0.3,45.5,45.5,55.9,56.2,,10.4,,548.6,,212.09999999999997,0.0,3.0,-9.3,0.6000000000000001,12.6,-65.6,-3.900000000000002,67.1,-7.3,12.9,-0.6000000000000001,0.19999999999999996,-50.0,0.2,-2.2,55.900000000000006,2.5999999999999996,5.4,-15.200000000000003,DNLM.L,L,,,,,,,,212.1,,62.6,,73.3,-195.6,,,376.2,,,,,,,,,,,,,,,,,,,,,,,,,,,,,,,,,
2020-03-28,298.0,910.4,248.4,260.1,487.6,316.6,332.4,399.1,3865.9,785.6,262.6,0.0,73.5,106.4,38.4,427.7,2027.4,19.30000000000001,1426.4,5494.2,2266.1,1.694,10183.9,1950.05981,1215.0,1849.4,4182.5,3702.5,564.1,6481.4,10183.9,3865.9,317.3,,,16.8,1949.6,0.12628,,-134.0,-89.1,-89.7,-86.3,6.2,41.5,3.4,,5321.0,,5314.8,296.1,,-178.00000000000003,118.79999999999998,37.199999999999996,-707.5999999999999,-38.30000000000007,603.9000000000001,-18.5,318.3,-111.1,-1.5,-511.2,-9.299999999999955,-143.5,-89.69999999999999,393.8,139.69999999999993,-76.0,MKS.L,L,,6.0,,,,14.2,0.6,4987.7,,,11.7,,,,,,,,,,,,,,,,,,,,,,,,,,,,,,,,,,,,,,
2019-09-28,266.3,910.7,351.4,495.4,487.6,672.3,138.3,445.6,3852.4,780.2,264.1,0.0,80.8,118.9,3.0,435.5,1087.6,0.0,1461.8,5555.6,1712.0,1.36801,9796.5,1950.05981,1663.4,2253.0,4524.7,3113.3,820.9,6683.2,9796.5,3852.4,266.3,,,,1842.2,0.0761,,-106.4,112.8,117.1,153.5,248.6,11.3,36.4,,4860.9,,4612.3,23.0,,-150.6,105.4,54.4,450.7,-727.4,369.2,-121.6,314.2,-168.9,2.0,159.8,574.9,94.5,117.1,59.5,-576.8,-115.1,MKS.L,L,,4.0,,,,,-4.3,4589.3,,,144.0,,,,,,,,,,,,,,,,,,,,,,,,,,,,,,,,,,,,,,
2019-03-30,267.2,416.9,285.4,427.2,406.3,694.4,119.6,499.9,3628.5,29.4,273.0,0.0,40.3,206.1,-46.8,308.8,951.3,0.0,1424.4,5662.3,1693.1,1.21206,8851.0,1625.00023,1435.1,2324.9,4322.9,2469.5,700.4,6381.5,8851.0,3628.5,267.2,,,0.0,1698.2,0.20934,,-142.4,-17.2,-15.5,-17.1,88.6,36.7,-1.6,,5410.4,,5321.8,315.8,,-155.79999999999998,123.3,81.7,-326.4,-232.4,660.1,-34.1,347.40000000000003,-123.30000000000001,0.39999999999999997,-93.0,0.2999999999999998,101.7,-15.5,362.29999999999995,-76.6,-110.4,MKS.L,L,,-0.3,,,,0.0,-1.7,5006.0,,,141.8,,,,,,,,,,,,,,,,,,,,,,,,,,,,,,,,,,,,,,
2019-12-31,496.8,532.7,478.3,478.3,25.6,652.8,56.4,1901.8,1104.9,32.1,13.2,0.0,44.5,107.6,,321.2,61.0,3.0,1052.9,1348.2,522.1,-1.61684,4408.3,511.73865,1052.0,1813.3,1757.7,1074.4,29.4,3333.9,4408.3,1104.9,499.8,,1280.7,,514.81447,0.16336,129.2,-27.5,74.3,79.1,98.6,129.2,-3.1,19.5,,1409.9,,0.0,,30.500000000000004,-47.7,37.7,20.3,189.7,-85.80000000000001,188.79999999999998,-68.1,104.6,21.799999999999997,-4.9,197.1,-2.8000000000000003,287.8,98.6,23.2,-38.099999999999994,-26.4,NEX.L,L,,38.1,,-6.0,,,-4.8,,,,,,,,,,,,,,,,,,,,,,,,,,,,,,,,,,,,,,,,,,
2019-06-30,474.8,532.7,190.2,190.2,25.6,558.5,64.9,1910.1,927.7,22.2,2.2,0.0,23.9,116.9,,318.9,95.5,0.0,945.3,1303.9,521.5,-1.63013,4050.9,511.73865,717.0,1620.7,1486.2,1075.9,28.1,2975.0,4050.9,927.7,474.8,,1221.4,,510.92433,0.14386,113.1,-25.8,66.8,69.2,88.4,113.1,1.1,19.2,,1334.5,,0.0,,29.2,-68.8,28.0,4.7,70.2,-165.2,167.4,-72.0,98.5,-0.4,0.4,125.9,-3.4,72.8,88.4,23.3,-96.4,-51.9,NEX.L,L,,42.8,,-3.9,,,-2.4,,,,,,,,,,,,,,,,,,,,,,,,,,,,,,,,,,,,,,,,,,
2019-12-31,129.39,14.521,117.612,117.612,4.363,4.752,10.745,40.848,0.802,,0.0,0.0,2.196,58.754,,35.664,14.582,32.388000000000005,,89.062,520.516,0.31689,722.035,872.55191,355.491,129.435,11.543,539.4,73.905,182.635,722.035,6.791,161.778,,184.658,,873.674,0.06458,166.052,-1.12,54.197,54.197,71.823,73.318,-0.375,17.626,,350.71,92.919,92.73400000000001,2.946,11.6,-9.903999999999998,1.2179999999999997,19.749,-44.044,-9.536999999999999,94.715,-1.6720000000000006,8.218000000000002,-1.2179999999999997,0.5269999999999999,-22.111999999999995,-0.6749999999999998,41.661,54.196999999999996,22.372,0.3669999999999999,-20.039,ROR.L,L,,,,,,,,-3.131,,41.195,,24.734,,222.052,,,,,,,,,,,,,,,,,,,,,,,,,,,,,,,,,,,
2019-06-30,137.028,13.698,75.951,75.951,4.36,24.782,8.537,52.196,0.891,,0.211,0.0,1.265,68.315,,35.872,14.622,28.62100000000001,,91.175,491.554,0.26261,717.197,872.063,330.589,155.072,32.886,509.612,87.724,207.585,717.197,8.104,165.649,,173.06,,873.5,0.05028,145.574,-1.083,39.903,39.903,52.234,53.692,-0.375,12.331,,318.634,87.424,91.882,4.564,10.115,-9.339,1.61,13.02,-79.541,-10.485,59.716,-18.842,8.141,-1.61,1.772,-42.572,-3.111,-28.538,39.903,20.399,-1.146,-32.248,ROR.L,L,,,,,,,,-0.106,,42.212,,19.763,,228.404,,,,,,,,,,,,,,,,,,,,,,,,,,,,,,,,,,,
2020-02-29,77,160,45,45.0,25.0,126,14,79,400,3,,45.0,1,0.0,-1,17,16,12.0,205,768.0,172.0,-1.33913,1620.0,115.0,323.0,377.0,1022.0,356.0,188,1264.0,1620.0,851.0,89.0,,,1,114.0,0.57018,,-8,47.0,48.0,63.0,71.0,0,15.0,,747.0,,676.0,16,,-41.0,6,24,281.0,-357.0,73.0,-81.0,78.0,-2.0,-1.0,179.0,151,-4.0,71.0,5.0,-316,-47,SMWH.L,L,,5,,,,,-1.0,659,,,,1,,431,,,,,,,,,,,,,,,,,,,,,,,,,,,,,,,,,,,
2019-08-31,73,9,49,49.0,24.0,5,3,49,200,4,,15.0,2,8.0,8,18,18,0.0,250,201.0,194.0,0.09272,746.0,107.84836,298.0,279.0,229.0,235.0,174,511.0,746.0,209.0,73.0,,,1,109.0,0.48624,,-3,55.0,57.0,70.0,73.0,0,13.0,,702.0,,629.0,3,,-28.0,2,17,-74.0,-27.0,101.0,-1.0,26.0,-3.0,1.0,-44.0,-8,1.0,73.0,3.0,1,-19,SMWH.L,L,,2,,,,,-2.0,625,,,,1,,176,,,,,,,,,,,,,,,,,,,,,,,,,,,,,,,,,,,
2019-02-28,67,8,48,48.0,24.0,5,2,45,200,3,,57.0,0,12.0,-9,18,17,0.0,216,193.0,165.0,-0.17593,706.0,108.0,288.0,291.0,269.0,186.0,173,520.0,706.0,207.0,67.0,2.0,,1,109.0,0.62385,,-2,51.0,51.0,65.0,67.0,0,14.0,,695.0,,628.0,15,,-31.0,2,10,149.0,-193.0,48.0,-46.0,24.0,,-1.0,220.0,-30,3.0,67.0,3.0,-162,-41,SMWH.L,L,,2,,,,,,612,,,,1,,160,,,-4.0,,,,,,,,,,,,,,,,,,,,,,,,,,,,,,,,
2019-12-31,101.607,0.042,71.307,71.307,14.558,5.536,0.539,47.532,9.628,13.006,0.519,0.0,15.455,47.526,2.691,59.222,34.344,38.09,,285.205,573.582,7.30669,735.953,72.78854,344.253,68.203,23.633,590.469,117.794,145.484,735.953,18.097,139.697,,144.504,,72.7789,0.12179,114.876,-1.101,7.395,7.395,9.933,11.493,-0.459,2.538,,259.38,95.54,103.38300000000001,1.973,8.724,-31.262,0.099,4.708,-35.313,-37.133,38.911,2.681,14.58,-0.099,-1.984,-1.736,0,-35.519,7.395,5.531,-5.871,-33.478,RSW.L,L,,-0.577,,-0.404,,5.87,0,,,15.141,,,-203.923,11.094,,489.128,,,,,,,,,,,,,,,,,,,,,,,,,,,,,,,,,
2019-06-30,123.503,0.042,106.826,106.826,14.558,1.043,0.539,47.049,9.356,13.095,0.75,0.0,13.268,73.0,-27.824,87.097,31.166,35.658,,263.477,597.482,7.21085,775.825,72.7789,408.281,95.556,10.399,583.854,129.026,191.971,775.825,9.356,159.161,,141.311,,72.7789,0.56568,135.978,3.114,40.209,40.209,48.349,45.642,-0.407,8.14,,277.289,92.647,90.33599999999998,,8.727,-38.69,0.041,11.565,0.16899999999999693,-46.373000000000005,52.845000000000006,-9.884,11.161000000000001,-0.041,-0.31899999999999995,10.399,0,6.322,40.208999999999996,2.632,-7.683,-10.189,RSW.L,L,,-0.577,,-0.404,,-2.311,0,,,21.513,,,-197.337,12.007,,460.814,,,,,,,,,,,,,,,,,,,,,,,,,,,,,,,,,
2019-12-31,25.7,446.7,21.2,21.2,17.1,,,2.3,1147.7,3797.3,,0.0,0.2,54.0,1188.1,22.9,1.3,0.0,76.1,13.9,909.3,1.49908,3861.9,1706.97495,47.1,130.1,1147.7,2561.2,,1300.7,3861.9,1147.7,25.7,,,,1723.73434,0.04251,,-18.9,73.6,73.6,73.4,93.3,-1.0,-0.2,,75.1,13.1,-18.2,-0.5,,,16.799999999999997,22.5,-26.30000000000001,-153.90000000000003,25.0,-37.900000000000006,,-17.8,,50.0,-0.09999999999999432,-155.2,73.6,-10.700000000000001,-153.90000000000003,-58.4,BBOX.L,L,,,,,,-28.7,,-2.1,,,,,,,,,,,,,,,,,,,,,,,,,,,,,,,,,,,,,,,,,
2019-06-30,15.2,446.8,176.5,176.5,17.1,,1.9,2.5,1096.9,3592.4,,0.0,1.0,69.2,1246.6,20.0,2.0,0.0,69.3,13.9,835.7,1.49018,3803.5,1706.97495,192.7,138.5,1096.9,2546.2,,1257.3,3803.5,1096.9,15.2,,,,1656.35766,0.03931,,-20.3,67.6,67.6,67.8,87.6,0.5,0.2,,69.2,11.9,-18.4,-2.5,,,11.4,0.1,381.5,-320.7,68.3,14.8,,-22.7,,211.3,250.0,129.1,67.6,-14.1,-320.7,-57.1,BBOX.L,L,,,,,,-25.8,,-2.0,,,,,,,,,,,,,,,,,,,,,,,,,,,,,,,,,,,,,,,,,
2020-04-30,47.186,170.532,146.677,146.677,33.641,57.024,,,0.0,2218.307,,0.0,3.391,,,,,0.0940000000000012,50.034,,2104.424,17.15587,2415.655,134.566,197.348,107.058,57.024,2308.597,,107.058,2415.655,0.0,47.28,,10.926,,133.85015,2.40485,323.387,,321.89,321.89,322.9,322.9,,1.01,,334.313,0.487,0.4870000000000001,,,,,0.7300000000000002,9.301,,-27.238999999999997,-109.306,,,4.385999999999999,0.0,9.301,-13.552,322.9,-240.83299999999997,,,PCT.L,L,,,,,,,,,,,,,,,,,,,,,,,,,,,,,,,,,,,,,,,,,,,,,,,,,
2019-10-31,24.191,157.868,163.462,163.462,33.456,55.179,,,0.0,1858.077,,3.233,0.925,,,,,0.37400000000000233,14.759,,1782.534,14.74955,2047.029,133.825,188.952,73.171,58.412,1973.858,,73.171,2047.029,0.0,24.565,,9.657,,133.825,0.28554,39.499,,38.212,38.212,39.035,39.035,,0.823,,49.156,0.464,0.4640000000000004,,,,,1.128,0.0,,-38.126,-30.7,,,4.202,0.0,0.0,-33.924,39.035,-46.461,,,PCT.L,L,,,,,,,,,,,,,,,,,,,,,,,,,,,,,,,,,,,,,,,,,,,,,,,,,
2019-04-30,36.494,157.868,194.544,194.544,33.456,0.0,,,53.687,1803.242,,0.391,0.15,,,,,0.06900000000000261,44.775,,1744.322,14.46401,2034.499,133.825,231.257,45.166,54.078,1935.646,,98.853,2034.499,53.687,36.563,,13.18,,133.82494,1.8874,253.598,,252.581,252.581,253.378,253.378,,0.797,,266.778,0.22,0.22000000000000064,,,,,0.827,-5.849999999999998,,43.649,26.479,,,2.444,-5.849999999999998,0.0,40.243,253.378,-236.208,,,PCT.L,L,,,,,,,,,,,,,,,,,,,,,,,,,,,,,,,,,,,,,,,,,,,,,,,,,
2019-12-31,144.1,37.4,26.0,26.0,19.9,11.0,8.7,212.8,200.9,,,0.0,0.0,11.5,19.7,23.7,1.0,0.0,120.3,227.9,230.0,1.1864,712.5,79.4,270.8,142.8,241.3,307.0,100.7,405.5,712.5,230.3,144.1,,,3.3,79.6,0.41834,,-3.6,21.6,21.6,28.4,32.6,-0.6,6.8,,355.2,,322.6,10.2,3.9000000000000004,-18.400000000000002,3.9,8.4,-11.6,-36.300000000000004,49.7,-10.0,15.400000000000002,-0.10000000000000009,-0.7,4.399999999999999,1.3,1.0999999999999996,28.4,12.0,-17.9,-17.200000000000003,HILS.L,L,,,,,,,,309.1,,,,,,,,,,,,,,,,,,,,,,,,,,,,,,,,,,,,,,,,,
2019-06-30,155.9,36.4,24.9,24.9,19.8,9.7,8.2,208.8,194.0,,,0.0,2.7,12.4,30.3,29.5,1.8,0.0,123.6,212.4,222.8,1.26931,711.0,79.1767,288.0,145.7,228.0,309.3,104.5,401.7,711.0,218.3,155.9,,,2.9,79.6,0.35302,,-3.3,26.8,26.8,33.4,36.6,0.1,6.6,,339.5,,302.9,0.7,3.5,-13.2,3.4,6.0,11.9,-35.1,11.2,-44.1,14.7,-2.0,0.0,21.8,0.0,-12.0,33.4,3.7,-21.9,-7.9,HILS.L,L,,,,,,,,299.3,,,,,,,,,,,,,,,,,,,,,,,,,,,,,,,,,,,,,,,,,
2019-12-31,319.4,361.3,75.9,467.3,49.5,71.5,54.0,319.0,983.5,34.9,27.4,0.0,,259.8,-236.4,614.8,194,128.3,,1106.8,668.3,7.95847,3319.6,48.67771,1520.0,822.6,1055.0,823.9,602.7,2495.7,3319.6,983.5,447.7,,1063.3,,49.85376,2.28974,317.5,-5.4,25.5,27.6,34.9,59.5,-19.2,7.3,,1380.8,155.8,258.0,112.1,12.2,-105.8,15.600000000000001,40.0,-220.20000000000002,-95.5,254.10000000000002,43.89999999999999,74.89999999999999,-24.0,2.8,-103.2,-18.8,-58.8,27.60000000000001,95.5,10.299999999999997,-74.2,RHIM.L,L,391.3,20.8,,-18.8,,,-2.1,-9.9,,354.1,0.1,137.2,-1352.7,117.5,2.3,2459.5,,,,,,,,,,,,,,,,,,,,,,,,,,,,,,,,,
2019-06-30,380.7,305.5,526.0,526.6,49.5,282.9,69.2,326.5,854.2,32.8,9.9,0.0,45.4,300.2,-193.0,643.5,218,116.5,,1141.3,799.8,8.17742,3594.6,49.47771,1757.8,1158.1,1137.1,849.3,734.0,2745.3,3594.6,854.2,497.2,0.0,1141.8,,49.1342,2.31,399.7,-29.2,113.5,121.2,164.7,213.8,-19.9,43.5,,1541.5,179.6,185.9000000000001,,14.2,-50.3,35.4,27.8,-119.6,5.2,148.5,-157.2,71.3,-87.3,0.7,-32.3,0.0,34.8,121.2,99.0,55.5,,RHIM.L,L,373.5,20.3,,,,,-7.7,6.3,,440.7,0.6,134.3,-1075.4,118.2,6.2,2217.1,,,,,,,,,,,,,,,,,,,,,,,,,,,,,,,,,
2019-12-31,341.516,99.507,,97.832,3.286,29.139,2.038,39.054,,,15.036,0.0,,50.326,19.375,11.613,18.915,23.650999999999954,,152.171,249.881,0.86832,701.571,328.60377,476.395,264.06,128.612,324.387,,377.184,701.571,99.473,365.167,,411.52,,320.659,0.1538,421.913,-1.398,49.372,49.372,69.661,71.059,,20.289,,833.433,350.854,350.85400000000004,,,-12.593000000000002,0.7809999999999999,16.197,-79.12,-10.884,114.64000000000001,13.737000000000002,27.61,-0.7809999999999999,-8.508000000000001,-17.553000000000004,-6.295,16.128,69.661,3.6319999999999997,1.709,-54.49099999999999,PAGE.L,L,90.856,,,,,,,,,6.702,6.976,177.893,,,13.396,,-47.662,,,,,,,,,,,,,,,,,,,,,,,,,,,,,,,,
2019-06-30,352.626,99.206,,81.704,3.285,33.159,3.892,34.474,,,14.439,0.0,,50.414,36.425,10.604,21.045,26.116000000000042,,165.046,253.414,0.95752,715.66,328.53972,478.609,244.728,138.49,351.105,,364.555,715.66,105.331,378.742,,386.978,,321.669,0.16833,433.537,-1.026,54.073,54.073,74.584,75.61,,20.511,,820.515,357.927,357.92699999999996,,,-13.757,0.172,20.763,-46.274,-13.232,42.482,-66.595,29.89,-0.172,1.055,-20.662,3.538,-15.969,74.584,4.603,0.525,-28.978,PAGE.L,L,81.704,,,,,,,,,3.135,0.0,158.02,,2.047,18.163,,-41.225,,,,,,,,,,,,,,,,,,,,,,,,,,,,,,,,
2020-03-31,37.172,8.383,,60.816,0.051,1.416,,2.189,,,,0.0,,1.127,,1.55,0.551,0.0,10.178,18.808,85.964,0.21389,123.196,408.63402,97.988,12.721,17.09,93.251,,29.945,123.196,15.674,37.172,,,0.73,409.6086,0.0436,,-0.214,17.857,17.857,22.651,22.865,,4.794,,60.876,37.281,38.011,,,-0.561,0.433,6.72,-13.841,-0.341,5.931,-21.094,1.807,,,-0.956,0.716,-8.251,17.857,7.361,0.22,-13.601,AJB.L,L,60.816,,,-1.147,,,,,,,,,,3.66,,,,,,,,,,,,,,,,,,,,,,,,,,,,,,,,,,,
2019-09-30,22.954,7.667,,69.067,0.051,0.338,,2.453,,,,0.0,,3.899,,2.791,1.094,0.0,9.965,4.062,79.492,0.19626,103.29,407.36032,92.021,14.202,0.572,86.063,,17.227,103.29,0.234,22.954,,,,410.05555,0.03968,,0.171,16.267,16.267,20.015,19.844,,3.748,,54.818,34.974,34.974,,,-0.46399999999999997,0.009000000000000001,3.1919999999999997,-5.699000000000001,-0.28800000000000003,19.284999999999997,-3.1750000000000007,1.071,,,-0.229,0.641,13.298,16.267000000000003,5.121999999999999,0.17600000000000002,-6.111000000000001,AJB.L,L,69.067,,,-1.147,,,,,,,,,,3.66,,,,,,,,,,,,,,,,,,,,,,,,,,,,,,,,,,,
2019-03-31,23.242,7.026,,55.769,0.051,0.316,,2.782,,,,0.0,,4.454,,1.839,1.321,0.0,10.23,4.284,67.862,0.1659,91.058,405.96676,79.011,15.0,0.743,73.792,,17.266,91.058,0.427,23.242,,,,402.94464,0.03683,,0.115,14.086,14.086,17.68,17.565,,3.594,,50.084,32.519,32.519,,,-0.394,0.033,2.512,-6.396,-0.246,12.716,-6.67,1.039,,,-0.144,2.575,6.074,14.086,4.261,0.148,-8.827,AJB.L,L,55.769,,,-1.147,,,,,,,,,,3.66,,,,,,,,,,,,,,,,,,,,,,,,,,,,,,,,,,,
2019-12-31,,94.5,267.0,,103.5,,26.3,154.4,660.0,21264.4,,0.0,,60.4,294.0,313.0,11.5,,,26.8,1831.4,2.09394,25893.8,1035.08166,,,672.4,2321.8,,23572.0,25893.8,672.4,,4.4,,,1044.6,0.18633,,-92.8,200.0,200.3,243.3,336.1,,43.0,,,,1445.7,,9.499999999999998,-4.1000000000000005,99.39999999999999,32.9,50.60000000000002,-4.1000000000000005,361.4,338.7,2.2,-32.6,,82.19999999999999,0.0,407.90000000000003,243.3,-232.3,,1.0,JUST.L,L,,-0.8,,,,,-0.3,10.6,-14.0,,,52.9,-4.3,,,11.9,-6.0,,,,13.8,4155.9,22447.8,21.1,1414.0,437.2,,1290.8159999999998,,,,,,,,,,,,,,,,,,,,,
2019-06-30,,158.9,227.5,,103.5,,29.3,160.6,573.9,20271.2,,0.0,,1.7,293.8,317.8,12.4,,,29.6,1579.9,1.90681,25467.1,1035.08166,,,582.6,2134.3,,23332.8,25467.1,582.6,,4.4,,,996.6,0.10938,,-93.9,102.6,102.1,125.3,219.2,,23.2,,,,1811.3,,10.4,-0.6,100.2,-18.0,336.0,-0.6,-88.7,8.8,2.3,-27.9,,291.3,73.8,246.7,125.3,-235.5,,-1.2,JUST.L,L,,-1.1,,,,,0.5,112.3,-2.8,,,35.6,,,,,-6.2,,,,208.2,4557.6,22366.9,14.1,1684.9,1014.5,,975.36,,,,,,,,,,,,,,,,,,,,,
2020-03-31,,4207.5,1022.7,1034.7,1505.8,1167.8,192.4,687.8,1655.9,1503.1,106.3,0.0,1273.2,5647.5,,1892.9,1033.4,,,7620.9,-3637.6,-2.72452,18333.4,589.02059,4389.2,8686.4,5937.2,2075.7,108.5,16257.7,18333.4,4769.4,808.6,,6970.9,46.3,590.86093,-1.43354,-332.2,-109.8,-892.3,-845.9,-881.1,-771.3,,-35.2,,6638.7,482.1,439.10000000000036,,,,,,-233.89999999999998,-221.79999999999998,652.6999999999999,652.6999999999999,,-233.89999999999998,-21.900000000000002,,,175.10000000000002,,,-221.79999999999998,,TUI.L,L,,716.6,,,,,-46.4,-89.3,0.1,1840.0,12.0,31.1,,2992.7,1164.2,,,,,,,,,,,,,,,,,,,,,,,,,,,,,,,,,,
2019-12-31,,4207.5,866.1,881.0,1505.8,1100.5,123.0,706.8,1734.9,1583.7,102.4,0.0,350.6,4167.0,0.1,2064.8,737.0,,,8401.3,-2548.5,-0.94173,17931.0,589.02059,3387.0,6992.0,5953.3,3164.9,124.5,14766.1,17931.0,4852.8,1004.7,,3771.2,,585.0,-0.14344,79.6,-15.6,-128.7,-105.5,-130.3,-114.7,,-24.8,,3850.8,282.5,194.30000000000018,,,,,,492.4,-41.9,-1381.1,-1381.1,,492.4,51.7,,,-878.9,,,-41.9,,TUI.L,L,,733.5,,,,,-23.2,-88.2,,1692.5,14.9,32.0,,3012.8,1026.2,,,,,,,,,,,,,,,,,,,,,,,,,,,,,,,,,,
2019-09-30,,4207.5,1741.5,1772.6,1505.8,224.6,226.9,710.7,2457.6,1550.6,70.5,0.0,485.4,4224.1,0.1,2059.6,799.4,,,5810.7,-2259.2,-0.45109,16264.6,589.02059,4313.5,7354.9,2682.2,3454.2,114.7,12810.4,16264.6,2457.6,1032.1,,10738.3,52.5,587.63708,1.41423,1513.4,144.9,757.5,819.1,1072.4,927.5,,253.3,,12251.7,528.7,585.9000000000015,4.5,,,,,-45.59999999999991,-192.60000000000014,414.10000000000014,414.10000000000014,,-45.59999999999991,7.6,,,183.5,,,-192.60000000000014,,TUI.L,L,,711.4,,,,,-61.6,0.2,,2873.8,31.1,32.4,,3009.2,908.7,,,,,,,,,,,,,,,,,,,,,,,,,,,,,,,,,,
2019-06-30,,4200.5,1564.9,1642.4,1502.9,202.0,116.3,673.5,2435.0,1521.2,72.1,0.0,409.7,6096.0,,1976.0,829.0,,,5651.9,-3143.4,-1.85099,16444.3,587.9013,4721.9,8658.8,2637.0,2560.0,124.0,13884.3,16444.3,2435.0,949.6,,4459.2,,587.9013,0.05986,285.8,55.6,21.7,47.3,58.9,3.3,,11.6,,4745.0,282.0,282.5,,,,,,-645.7,-269.69999999999993,1418.3,1418.3,,-645.7,-30.4,,,472.5000000000001,,,-269.69999999999993,,TUI.L,L,,698.2,,,,,-25.6,0.5,,2331.0,77.5,29.8,,2974.7,1596.2,,,,,,,,,,,,,,,,,,,,,,,,,,,,,,,,,,
2020-04-11,63,28,,191.0,37.0,303,248,15,1605,5,,0.0,5,88,-224,397,144,0.0,293,4464.0,727.0,3.41798,4907.0,429.20112,279.0,684.0,2399.0,1482.0,20,3425.0,4907.0,2096.0,63.0,918,,85,428.0,0.17056,,-68,-107.0,-107.0,-121.0,-51.0,-2,-14.0,,1039.0,,1090.0,159,2,-82,61,16,92.0,-82,48.0,-136.0,83,,,93,-1,58.0,-51,150,0,,MAB.L,L,191.0,,,-4,,,,846,,,0,,,,,,,,,,,,,,,,,,,,,,,,,,,,,,,,,,,,,,
2019-09-28,63,26,133.0,133.0,37.0,95,301,14,1657,5,,0.0,3,98,-236,467,120,0.0,327,4528.0,857.0,4.51027,4892.0,428.57776,225.0,520.0,1752.0,1947.0,26,2945.0,4892.0,1657.0,63.0,1267,,53,428.0,0.21495,,-51,82.0,82.0,102.0,157.0,-4,20.0,,1051.0,,894.0,9,1,-62,56,8,-194.0,71,111.0,-112.0,52,0.0,,-191,-3,-12.0,157,13,133,0.0,MAB.L,L,,,,-4,,,,832,,,0,,,,,,,,,,,,,,,,,,,,,,,,,,,,,,,,,,,,,,
2019-04-13,56,26,145.0,265.0,37.0,237,283,12,1699,5,,0.0,17,92,-197,442,103,0.0,344,4448.0,775.0,4.26092,4934.0,428.31082,366.0,673.0,1936.0,1837.0,28,3097.0,4934.0,1699.0,56.0,1197,,66,430.0,0.17442,,-61,61.0,61.0,75.0,140.0,-4,14.0,,1186.0,,1046.0,11,2,-90,57,17,-43.0,-89,155.0,-64.0,64,0.0,,-43,0,23.0,140,13,1,0.0,MAB.L,L,,,,-1,,,,969,,,120,,,,,,,,,,,,,,,,,,,,,,,,,,,,,,,,,,,,,,
2020-01-31,157.8,175.8,24.6,24.6,15.3,,2.2,,,50.5,,20.0,,0.0,,95.4,4.3,0.6999999999999886,697.8,35.2,2847.8,24.66754,3854.3,123.1943,3764.3,717.8,20.0,3038.9,3581.2,815.4,3854.3,0.0,158.5,,1184.9,,123.56273,1.93667,356.5,-1.8,239.3,239.3,291.8,297.2,-3.6,52.5,,1541.4,56.7,59.299999999999955,,,-4.3,1.9,119.8,-105.0,-4.2,-67.4,-368.8,3.1,,,18.1,0.0,-176.6,239.3,59.0,0.1,-123.1,BWY.L,L,,,,,,,,2.6,,,,,,,,,,,,,,,,,,,,,,,,,,,,,,,,,,,,,,,,,
2019-07-31,127.858,175.754,201.241,201.241,15.395,,2.199,,,49.902,,0.0,,66.314,,97.215,3.482,0.0,802.955,29.791,2730.025,23.71702,3889.857,123.16783,3806.682,869.269,0.0,2921.174,3477.583,968.683,3889.857,0.0,127.858,,1312.562,,123.46119,2.2959,412.681,-2.624,283.454,283.454,348.691,355.105,-3.79,65.237,,1725.243,54.885,57.57600000000002,,,-2.6260000000000003,3.4289999999999994,62.31100000000001,-123.498,-5.078,296.424,-62.289999999999964,3.0569999999999995,,,-63.538,2.105,167.848,283.45399999999995,72.20299999999999,-2.452,-62.06500000000001,BWY.L,L,,,,,,,,2.691,,,,,,,,,,,,,,,,,,,,,,,,,,,,,,,,,,,,,,,,,
2019-01-31,112.4,173.7,33.4,33.4,15.3,,2.3,,,46.6,,60.0,,63.0,,102.5,0.9,0.0,724.7,29.6,2504.8,21.89075,3646.3,123.05654,3569.2,847.7,60.0,2693.8,3423.4,952.5,3646.3,0.0,112.4,,1110.5,,123.36214,2.0679,377.5,-1.9,255.1,255.1,313.9,319.8,-4.0,58.8,,1488.0,54.8,57.700000000000045,,,-2.5,4.4,57.0,-57.3,-3.8,-4.5,-328.1,2.7,,,60.0,-0.5,-65.6,255.1,65.8,-1.3,-116.8,BWY.L,L,,0.0,,,,,,2.9,,,,,,,,,,,,,,,,,,,,,,,,,,,,,,,,,,,,,,,,,
2020-03-31,60.094,43.162,40.129,40.129,79.338,,0.108,,59.246,1155.295,,0.0,,59.711,,,,0.0,,,1013.953,3.58106,1255.518,317.35098,100.223,59.711,59.246,1136.453,,119.065,1255.518,59.246,60.094,,4.619,,317.35098,-0.81809,-255.947,-1.609,-259.622,-259.622,-258.642,-257.033,,0.98,,-251.328,1.086,1.0860000000000003,,,,1.644,1.0690000000000002,-33.501999999999995,,32.785,14.313000000000002,,,0.34299999999999997,-17,,-0.37400000000000055,-258.642,277.114,,-16.501999999999995,TRY.L,L,,,,,,,,,,,,,,,,,,,,,,,,,,,,,,,,,,,,,,,,,,,,,,,,,
2019-09-30,70.503,43.162,40.503,40.503,79.338,,,,59.234,1423.356,,0.0,,62.625,,,0.074,0.0,,,1290.077,4.45115,1534.436,317.35098,111.006,62.625,59.234,1412.577,,121.859,1534.436,59.234,70.503,,6.327,,317.35098,0.35171,115.973,-1.648,111.615,111.615,113.398,115.046,,1.783,,122.3,0.927,0.9269999999999996,,,,1.777,1.252,29.708,,-41.446,-80.544,,,-0.041,57,,-11.779,113.398,-74.3,,-27.292,TRY.L,L,,,,,,,,,,,,,,,,,,,,,,,,,,,,,,,,,,,,,,,,,,,,,,,,,
2019-03-31,54.892,43.162,52.282,52.282,79.338,,,,58.085,1291.442,,0.0,,12.52,,,0.243,0.0,,,1205.754,4.18544,1398.859,317.35098,107.174,12.52,58.085,1328.254,,70.605,1398.859,58.085,54.892,,7.69,,317.35098,0.06388,23.065,-1.785,20.273,20.273,20.324,22.109,,0.051,,30.755,0.956,0.9560000000000004,,,,1.791,0.09400000000000008,-15.550000000000011,,60.02300000000001,51.79899999999999,,,-1.828,0,,42.644999999999996,20.323999999999998,-12.100000000000001,,-15.549999999999997,TRY.L,L,,,,,,,,,,,,,,,,,,,,,,,,,,,,,,,,,,,,,,,,,,,,,,,,,
2019-12-31,82.0,278.7,64.4,64.4,1.0,173.2,66.1,639,132.0,16.7,,0.0,,23.7,-2.6,34.9,1.0,5.700000000000003,81.5,70.7,199.8,-1.57582,988.3,102.86687,260.9,278.4,305.2,476.9,108.8,511.4,988.3,132.0,87.7,,104.6,34.5,103.09387,0.20564,143.9,-4.8,13.2,13.2,19.5,24.3,0.0,6.3,13.6,248.5,69.2,119.6,2.3,2.1,-7.8,6.2,5.2,-24.9,-39.9,50.6,-13.6,4.7,-2.3,-1.7,-0.7,0.8,-15.9,23.3,34.1,-32.1,-22.7,DPH.L,L,,,,0,,,,,,,,,,,,,,,,,,,,,,,,,,,,,,,,,,,,,,,,,,,,,
2019-06-30,99.9,277.9,80.3,80.3,1.0,1.2,81.5,687,306.9,10.1,,0.0,,21.4,21.6,32.9,0.9,7.8999999999999915,95.5,58.4,208.6,-1.73305,1048.5,102.6516,292.1,118.1,308.1,509.1,104.0,539.4,1048.5,306.9,107.8,,106.4,38.7,102.80311,0.30349,144.0,-3.7,15.4,15.4,18.8,22.3,0.2,3.4,13.1,250.4,64.3,121.69999999999999,5.6,-36.0,-11.3,4.3999999999999995,11.4,-18.6,-13.5,25.599999999999994,-39.0,3.2,0.0,-0.09999999999999998,-9.5,0.7,-6.6000000000000005,22.0,75.4,-2.1999999999999957,-9.799999999999997,DPH.L,L,,,,0,,,0.0,,,,,,,,,,,,,,,,,,,,,,,,,,,,,,,,,,,,,,,,,,
2019-12-31,89.4,15.6,427.4,695.3,0.1,,8.3,96.9,,32.3,,0.0,1.4,69.2,-16.2,11.8,47.7,0.0,50.8,,811.0,1.06652,963.0,669.09262,786.1,122.2,0.0,810.5,,152.5,963.0,0.0,89.4,,,,713.32603,0.15827,,7.9,112.9,114.2,132.4,124.5,,18.2,,184.9,52.9,60.4,,,-0.8,1.2,37.9,-139.7,30.2,75.6,-55.6,1.7,-12.6,-15.9,,-41.1,-49.8,123.0,6.5,31.0,-86.0,ASHM.L,L,,10.2,,,,-6.3,-1.3,13.8,,,267.9,2.2,,,,,,,,,,,,,,,,,,,,,,,,,,,,,,,,,,,,,
2019-06-30,79.4,15.6,477.2,771.9,0.1,,8.4,88.8,,33.4,,0.0,,130.6,14.9,0.0,75.7,0.0,56.1,,812.6,1.12198,1049.2,672.3857,851.3,186.7,0.0,843.2,,206.0,1049.2,0.0,79.4,0.0,,,713.41202,0.14886,,9.8,106.2,107.5,126.9,117.1,,19.4,,166.2,53.5,49.1,,,-0.7000000000000001,,8.3,-44.0,-23.599999999999998,119.6,6.899999999999999,2.1999999999999997,-9.9,-0.1999999999999993,,-1.8000000000000007,51.800000000000004,115.70000000000002,-5.199999999999999,-22.900000000000002,-32.3,ASHM.L,L,,10.9,,,,-19.8,-1.3,15.4,,,294.7,,,,,,,,,,,,,,,,,,,,,,,,,,,,,,,,,,,,,,
2020-03-29,1282,,1640,1670.0,10.0,901,54,558,935,5,12,0.0,5,153,,325,3950,6.0,,3120,5611.0,4.67782,11017.0,998.97029,2982.0,3095.0,2823.0,5621.0,19,5396.0,11017.0,1922.0,1288.0,,3108,9,999.0,0.16617,2566,-31,8.0,8.0,7.0,37.0,,-1.0,,5674.0,1457,2529.0,114,113,-229,25,40,1013.0,-268,671.0,236.0,160,-21,2,1109,0,1418.0,7,155,-39,-75,RMG.L,L,,,,,1,,,949,,2041,30.0,,,390,,,,,,,,,,,,,,,,,,,,,,,,,,,,,,,,,,,
2019-09-29,1283,,222,222.0,10.0,167,55,609,443,5,13,0.0,8,119,,277,3090,5.0,,3088,4927.0,3.93428,8745.0,999.92967,1546.0,2029.0,1614.0,4937.0,28,3808.0,8745.0,1447.0,1288.0,,2848,10,999.57201,0.13106,2318,-19,153.0,153.0,173.0,104.0,,20.0,,5166.0,1329,2214.0,51,10,-113,28,29,-291.0,-6,279.0,-143.0,252,-26,4,-93,-3,-14.0,173,-13,107,-169,RMG.L,L,,,,,88,,,824,,1743,,,,394,,,,,,,,,,,,,,,,,,,,,,,,,,,,,,,,,,,
2019-03-31,1310,,236,236.0,10.0,37,55,631,431,5,12,0.0,8,69,,219,2719,7.0,,2066,4609.0,3.60825,7401.0,999.92967,1588.0,1989.0,556.0,4619.0,27,2782.0,7401.0,519.0,1317.0,,3007,10,1000.0,0.256,2642,-6,170.0,170.0,208.0,204.0,,38.0,,5649.0,1396,2438.0,88,10,-227,4,42,-220.0,-210,455.0,5.0,224,-3,-7,-137,0,18.0,208,8,17,-80,RMG.L,L,,,,,10,,0.0,944,,1883,,,,380,,,,,,,,,,,,,,,,,,,,,,,,,,,,,,,,,,,
2020-06-13,129.9,92.4,,253.4,60.3,73.0,1.5,22.8,,,,0.0,,4.3,,43.5,14.5,0.0,224.3,737.9,468.6,0.94576,1424.2,597.08863,649.0,301.6,563.1,587.5,265.7,836.7,1424.2,490.1,129.9,,188.9,,593.9,-0.01835,276.1,-4.1,-10.9,-10.9,-14.2,-9.8,-0.3,-3.3,,465.0,285.9,285.9,,,-22.3,4.6,12.3,-36.3,-21.8,44.1,-0.4,52.7,-4.5,,-22.2,-9.6,-14.0,-9.8,1.6,0.5,0.0,HWDN.L,L,253.4,,,-28.2,,,,,,,,,,,,,-5.6,,,,,,,,,,,,,,,,,,,,,,,,,,,,,,,,
2019-12-28,148.3,92.2,,267.4,60.5,,1.5,24.9,,,,0.0,,20.3,,65.6,14.4,2.6999999999999886,241.4,212.4,498.1,0.98605,944.0,598.64828,692.3,261.7,0.0,615.2,231.8,328.8,944.0,0.0,151.0,,349.0,,596.8,0.24722,582.0,0.5,147.3,147.3,182.6,182.3,-0.2,35.3,,931.0,399.7,399.70000000000005,,,-37.0,,25.400000000000002,-78.69999999999999,-36.1,165.10000000000002,-39.00000000000001,19.1,0.20000000000000007,,,-8.300000000000004,50.3,182.3,2.6999999999999997,0.8999999999999999,-70.6,HWDN.L,L,267.4,,,-29.3,,,,,,,,,,,42.1,,-6.3,,,,,,,,,,,,,,,,,,,,,,,,,,,,,,,,
2019-06-15,203.2,87.5,,217.1,60.6,,1.5,23.6,,,,0.0,,13.3,,13.8,6.6,0.0,310.6,194.7,444.1,0.88289,892.8,600.29828,667.9,323.9,0.0,553.6,247.6,339.2,892.8,0.0,203.2,,248.4,,603.0,0.10376,404.2,0.6,61.7,61.7,78.1,77.7,-0.2,16.4,,652.6,326.5,326.5,,,-24.1,,20.8,-46.9,-23.6,56.3,-40.4,15.4,-1.1,,,-45.8,-14.2,77.7,3.6,0.5,0.0,HWDN.L,L,217.1,,,-29.3,,,,,,,,,,,,,-9.3,,,,,,,,,,,,,,,,,,,,,,,,,,,,,,,,
2020-06-30,361.8,,,500.9,27.8,369.8,46.3,732.3,326.5,13.7,23.3,9.0,0.0,29.1,,168.5,211.4,1.6999999999999886,265.9,348.2,1094.2,1.43687,2415.7,271.2139,1086.8,673.8,729.9,1122.0,222.4,1293.7,2415.7,351.1,363.5,,534.7,5,271.4,0.11606,185.3,-5.2,22.6,24.9,34.6,39.8,0.0,9.7,,720.0,134.2,145.5,6.3,5,-19.4,8.2,11.5,219.0,-18.0,62.0,-14.5,25.4,1.3,6.8,217.7,0,269.8,39.8,6.3,1.4,0.0,VSVS.L,L,500.9,54,,,,,-2.3,,,,,,,,,,,,,,,,,,,,,,,,,,,,,,,,,,,,,,,,,,
2019-12-31,379.6,,,229.2,27.8,171.7,43.6,708.5,303.2,13.5,22.1,0.0,0.1,40.7,71.8,157.3,198.0,2.8999999999999773,273.6,337.7,963.8,1.30856,2104.5,271.2139,824.7,486.0,474.9,1063.4,212.9,1041.1,2104.5,303.2,382.5,,598.2,5,270.9,0.25692,222.8,-3.8,27.9,30.7,40.0,44.3,-0.5,9.3,,821.0,140.3,178.5,33.2,5,-40.800000000000004,8.600000000000001,18.9,-67.2,-32.1,115.69999999999999,8.699999999999996,24.800000000000004,-5.1000000000000005,-13.399999999999999,-45.4,0,2.999999999999999,44.3,32.900000000000006,8.7,-16.699999999999996,VSVS.L,L,229.2,51,,,,,-2.8,,,,,,,,,,,,,,,,,,,,,,,,,,,,,,,,,,,,,,,,,,
2019-06-30,461.4,,,230.0,27.8,68.4,40.8,737.8,468.6,14.2,22.8,0.0,0.0,44.1,,164.8,191.8,1.3000000000000114,310.9,352.5,1087.9,1.39337,2266.3,271.2139,947.2,423.4,537.0,1115.7,254.5,1150.6,2266.3,468.6,462.7,,635.3,5,271.1,0.24456,254.1,-4.2,52.4,55.8,78.6,83.2,-0.4,22.8,,889.4,155.2,170.9000000000001,10.7,5,-24.6,8.7,25.6,-9.8,-53.6,68.4,-55.4,24.9,-2.8,0.7,30.2,0,5.7,83.2,10.7,-29.0,-37.2,VSVS.L,L,230.0,53,,,,,-3.4,,,,,,,,,,,,,,,,,,,,,,,,,,,,,,,,,,,,,,,,,,
2019-12-31,512.3,146.7,101.5,423.2,40.0,106.9,96.7,577.9,270.0,11.2,38.7,0.0,165.6,238.9,,159.3,137,21.600000000000023,1996.4,1008.4,1091.6,1.7548,4462.8,399.13274,2689.6,2342.2,672.9,1278.3,1566.9,3184.5,4462.8,566.0,533.9,,4023.7,,407.25021,0.32462,630.9,-24.3,207.8,210.6,248.1,271.4,1.0,37.5,,4654.6,,359.5,-78.1,7.9,-31.699999999999996,33.3,27.099999999999994,-330.1,172.2,237.79999999999998,-11.699999999999989,53.60000000000001,-0.5999999999999996,-56.6,-208.50000000000003,-84.69999999999999,23.299999999999997,271.40000000000003,-83.39999999999999,203.9,-36.3,INCH.L,L,321.5,20.3,,,,,-2.8,437.6,,,0.2,,,,,,,,,,,,,,,,,,,,,,,,,,,,,,,,,,,,,,
2019-06-30,605.3,146.7,105.0,460.0,41.3,192.2,90.8,628.6,384.2,10.8,56.1,0.0,13.5,112.3,,220.9,250,29.600000000000023,2284.1,1200.6,1156.2,1.73592,5039.5,412.23004,2893.4,2588.6,966.9,1344.2,1785.0,3695.3,5039.5,774.7,634.9,,4083.9,,416.22633,0.28158,641.2,-25.4,115.1,118.1,153.7,177.2,1.9,35.6,,4725.1,,463.99999999999955,2.6,8.1,-37.9,33.3,47.0,-157.9,-36.2,89.4,-151.8,55.3,-5.2,-2.8,-54.6,-23.9,-107.5,177.2,0.6,1.7,-74.2,INCH.L,L,354.2,20.3,,,,,-3.0,461.4,,,0.8,,,,,,,,,,,,,,,,,,,,,,,,,,,,,,,,,,,,,,
2020-03-31,7.961,,,96.577,,37.588,42.151,1.986,448.202,1206.221,,0.0,34.875,30.004,,0.956,39.013,5.942,,4.814,803.085,0.768,1402.272,1036.2571,146.5,95.559,499.378,801.57,,600.702,1402.272,461.79,13.903,,32.025,0.18,1044.77822,0.02661,45.799,-2.934,27.92,27.935,31.082,34.098,-0.082,3.147,,77.824,11.178,11.701,-0.13,0.914,-21.081000000000003,7.247999999999999,0.5309999999999999,124.43100000000001,-124.605,40.449000000000005,6.074999999999999,-2.4270000000000005,-7.247999999999999,,143.42600000000002,-0.406,40.27499999999999,27.935000000000002,7.952000000000002,-103.524,-11.341000000000001,SRE.L,L,96.577,0.246,,-1.515,,0.55,-0.015,-0.077,,9.578,,18.389,,3.738,1.145,,,,,,,,,,,,,,,,,,,,,,,,,,,,,,,,,,
2019-09-30,2.939,,,43.331,0.0,13.881,39.458,,326.984,1065.232,,0.0,37.714,18.694,,1.41,27.677,10.827,,25.19,785.267,0.75812,1221.008,1029.41524,99.171,53.073,356.559,784.158,,436.85,1221.008,342.678,13.766,,32.647,1.081,1034.85431,0.07024,39.543,-5.506,70.216,70.21,79.683,85.289,-0.1,9.473,,72.19,8.918,-45.745999999999995,2.809,,-13.223,3.936,0.929,7.452,2.363,30.891,-2.985,3.611,-4.461,,23.416,0.0,40.706,70.21,-39.945,15.586,-11.503,SRE.L,L,43.331,0.231,,-1.109,,-58.554,0.006,,,3.47,,17.028,,3.738,4.36,,,,,,,,,,,,,,,,,,,,,,,,,,,,,,,,,,
2019-03-31,4.747,,,15.954,0.0,7.408,30.878,,324.053,972.868,,0.0,185.273,19.354,,63.848,1.813,4.678000000000001,,3.438,725.808,0.70643,1193.912,1022.14088,212.055,49.088,331.461,725.808,,468.104,1193.912,324.053,9.425,,32.635,0.677,1017.88706,0.05743,39.669,-5.97,58.248,58.289,66.492,72.547,-0.085,8.203,,72.304,10.447,-32.878,0.236,,-15.569,6.328999999999999,1.6380000000000001,-1.1679999999999993,-31.720000000000006,33.745999999999995,4.5280000000000005,0.677,-6.328999999999999,,17.032,-1.6859999999999995,0.857999999999997,58.289,-29.747999999999998,-16.151,-10.184999999999999,SRE.L,L,15.954,0.237,,,,-44.238,-0.041,,,4.903,,17.423,,3.738,1.403,,,,,,,,,,,,,,,,,,,,,,,,,,,,,,,,,,
2019-12-31,105.374,359.857,361.962,361.962,74.169,6.309,0.0,4.336,0,85.129,1.09,0.0,,24.928,,122.94,6.438,0.0,352.359,23.192,837.94,8.25259,1795.188,153.60391,1675.003,383.596,22.995,1271.966,1207.667,523.222,1795.188,16.686,105.374,,517.459,,143.57542,0.62428,140.966,-1.647,79.63,79.63,102.277,103.924,,22.647,,658.425,34.871,37.04200000000003,12.846,,1.9620000000000002,1.197,17.159000000000002,127.37100000000001,-22.512999999999998,154.707,46.714,3.208,,,5.562000000000005,149.376,259.565,79.631,25.154,-24.475,-27.566999999999993,VTY.L,L,,,,,,,,-10.675,,,,,,,,,,,,,,,,,,,,,,,,,,,,,,,,,,,,,,,,,
2019-06-30,91.351,217.227,102.397,102.397,67.424,5.107,2.214,2.104,0,61.408,0.563,0.0,,18.089,,97.457,12.881,0.0,351.332,24.912,789.14,7.65511,1565.262,139.9962,1463.394,374.528,22.379,1073.791,1269.646,491.471,1565.262,17.272,91.351,,370.553,,143.82804,0.40847,101.79,-3.321,58.749,58.749,72.476,75.797,,13.727,,472.343,25.993,25.992999999999995,,,-2.527,0.896,16.645,-87.134,-35.371,61.685,-17.588,3.045,,,-36.401,0.345,-60.82,58.748,17.48,-32.844,-51.078,VTY.L,L,,,,,,,,,,,,,,,,,,,,,,,,,,,,,,,,,,,,,,,,,,,,,,,,,
2019-12-31,1.977,287.962,132.36,164.572,5.408,2.929,115.445,0.625,,725.547,2.082,1.455,,114.975,0.0,1.22,0.241,0.34999999999999987,19.842,43.838,374.668,2.33876,941.178,285.37062,168.845,139.201,39.298,668.038,,273.14,941.178,34.914,2.327,,,,282.27515,0.23147,,129.709,392.802,380.084,467.351,337.562,0.074,87.267,40.341,5.42,30.161,-332.142,-402.644,,2.526,2.495,,12.860999999999997,50.147,-62.67400000000001,-7.8309999999999995,3.729,-1.28,-0.021999999999999992,-1.679,15.932000000000002,0.3119999999999994,380.084,-525.591,47.621,-0.112,PRTC.L,L,,-17.64,,,0.006,,12.718,,,,32.212,,-7.192,,1.946,51.03,,,,,,,,,,,,,,86.935,,,,,,,,,,,,,,,,,,,
2019-06-30,5.964,278.385,132.048,204.223,5.375,1.146,31.397,7.593,,324.275,,7.391,,282.489,-0.072,10.625,0.582,0.0,21.539,69.777,66.515,1.21281,618.335,282.49387,216.108,312.565,64.649,350.203,,268.132,618.335,56.112,5.964,,,,293.24559,0.09684,,81.481,28.342,-14.019,11.123,-70.317,0.047,25.142,45.507,4.387,29.197,74.704,,,-15.064,,,37.049,13.512,-35.482,24.012,2.936,0.0,-0.082,1.429,35.62,14.997,-14.019,-73.553,28.576,,PRTC.L,L,,-142.567,,,-0.088,,42.361,,,,72.175,,-7.192,,5.921,76.969,,,,,,,,,,,,,,25.142,,,,,,,,,,,,,,,,,,,
2019-12-31,1239.7,545.6,207.9,207.9,25.2,158.7,62.7,332.6,583.3,8.6,0,0.0,,76.3,3.2,104.4,195.5,0.0,1613.9,2158.8,2045.0,3.58985,6440.0,248.19978,2385.4,1848.9,1995.6,2582.7,937.8,3857.3,6440.0,1836.9,1239.7,14.5,,4.9,248.03117,0.45035,,-46.2,110.6,104.7,160.0,208.4,-2.2,55.3,,4184.3,,3975.9,32.8,15.0,-73.19999999999999,49.3,22.799999999999997,-141.5,-28.5,238.59999999999997,-72.69999999999999,139.8,-19.8,,-90.3,6.4,68.6,221.7,-65.2,44.7,-37.8,TPK.L,L,,4.4,,-50.8,,,-0.6,3938.2,,,,,,1359.1,,,,,,,,,,,,,,,,,,,,,,,,,,,,,,,,,,,
2019-06-30,1024.0,545.5,139.3,139.3,25.2,139.8,31.2,318.5,583.2,52.4,0,0.0,0.0,124.4,,460.4,810.8,0.0,1230.5,1982.3,1977.4,3.88942,6237.3,248.34009,1850.6,1494.7,1878.6,2507.1,687.3,3730.2,6237.3,1738.8,1024.0,14.7,,4.1,252.46999,0.48006,,-43.1,10.5,18.1,20.8,64.0,-0.1,2.7,,2771.4,,2707.4,127.3,8.5,-60.4,34.7,30.1,-181.0,-65.9,130.8,-205.3,132.0,-3.4,,-85.3,-13.9,-116.1,219.8,-24.2,-5.5,-78.4,TPK.L,L,,5.1,,-55.7,,,-1.1,2576.0,,,,,,1222.7,,,,,,,,,,,,,,,,,,,,,,,,,,,,,,,,,,,
2019-12-31,192.844,600.954,671.54,671.54,,25.721,78.338,1499.869,935.586,53.395,13.6,0.0,,685.478,-1.42,22.691,74.748,141.154,,450.564,643.148,-0.89983,3097.714,303.79169,1005.538,773.619,1026.581,1226.507,,1871.207,3097.714,1000.86,333.998,,,215.74,301.79025,0.24599,,-56.283,-19.571,13.846,48.15,27.619,76.814,34.304,,1508.448,1173.19,1480.829,91.899,75.33,-74.06700000000001,19.402,13.229999999999997,-313.211,-81.94800000000001,193.498,12.771,26.639,-23.814,2.592,-245.769,-25.035000000000004,-199.069,-36.976,115.73400000000001,-7.881,-18.593000000000004,PTEC.L,L,,-4.301,,-16.175,,,-0.603,,,62.42,,,,,,,,,,,,,,,,,,,,,,,,,,,,,,,,,,,,,,,
2019-06-30,177.495,611.839,873.255,873.255,,315.079,73.678,1639.009,870.225,32.44,,0.0,,578.966,39.824,103.019,49.441,106.80399999999997,,475.965,650.828,-1.14176,3354.409,309.29424,1157.554,931.285,1271.714,1285.87,,2068.539,3354.409,956.635,284.299,,,108.598,348.31531,0.06376,,-29.738,16.78,18.008,27.996,51.155,6.579,9.988,,736.066,576.313,684.911,,73.176,-77.166,10.107,36.563,243.961,-118.924,127.44,-48.553,24.946,-10.107,-1.419,331.117,-40.097,251.058,18.008,59.863,-41.758,-36.952,PTEC.L,L,,3.922,,-16.621,,,-1.228,,,37.24,,,,,,,,,,,,,,,,,,,,,,,,,,,,,,,,,,,,,,,
2020-03-31,169.8,380.6,1310.5,1310.5,0.0,341.1,0,27.2,26.4,,19.9,0.0,23.5,513.1,-233.1,101.2,183.6,0.0,469.6,2553.0,1280.3,14.13614,4358.1,85.42643,1574.4,1323.8,2039.4,1234.8,70.6,3123.3,4358.1,1698.3,169.8,-193,724.2,186.8,76.57676,-1.18051,366.3,-15.9,-90.5,-90.5,-93.8,-76.3,-1.6,-3.3,,1090.5,224.0,442.5999999999999,0.0,4.2,-186.3,41.10000000000001,6.3,-94.3,-423.59999999999997,195.0,33.099999999999994,182.6,-41.2,0.10000000000000009,-54.6,1.5,-322.8,-93.79999999999995,68.9,-237.29999999999998,,WIZZ.L,L,,,,,,,,31.8,0.1,,,,-1467.6,,0.0,4020.2,,,,,,,,,,,,,,,,,,,,,,,,,,,,,,,,,
2019-09-30,252.3,379.1,1633.3,1633.3,0.0,324.3,0,23.1,214.2,,21.1,0.0,41.0,408.1,-6.4,71.2,167.2,0.0,338.1,2214.4,1390.6,21.25587,4405.7,72.7893,1979.9,1070.5,2018.0,1570.3,53.3,2835.4,4405.7,1693.7,252.3,-193,793.9,194.6,127.228,2.91995,876.9,-25.2,371.5,371.5,387.9,414.6,-1.5,16.4,,1670.8,228.3,462.30000000000007,,3.3,-265.9,46.8,6.3,0.7,-258.8,576.9,-42.3,191.4,-46.7,-1.5,47.4,,317.3,387.9,36.6,7.1,,WIZZ.L,L,,,,,,,,39.4,,,,,-1304.1,,0.0,3518.5,,,,,,,,,,,,,,,,,,,,,,,,,,,,,,,,,
2020-04-30,8.646,198.988,25.335,25.335,3.099,49.356,,,,659.429,,0.0,,,,,,0.0,3.95,,438.017,2.06536,693.41,309.9237,33.981,53.306,49.356,640.104,,53.306,693.41,0.0,8.646,,2.62,,305.46903,0.28834,88.472,,88.079,88.079,88.108,88.108,,0.029,,91.092,0.364,0.3639999999999999,,,,0.789,0.024,14.117,-0.189,-2.454,-0.736,,,0.519,0.0,14.117,11.993,88.108,-89.826,-0.189,,EWI.L,L,,,,,,,,,,,,,,,,,,,,,,,,,,,,,,,,,,,,,,,,,,,,,,,,,
2019-10-31,0.155,183.754,13.342,13.342,3.026,,,,,572.859,,0.0,,,,,,0.0,49.638,,349.938,1.7737,586.356,302.5987,13.497,49.638,0.0,536.718,,49.638,586.356,0.0,0.155,,2.46,,299.99445,-0.08733,-25.856,,-26.198,-26.198,-26.172,-26.172,,0.026,,-23.396,0.316,0.31599999999999984,,,,0.7470000000000001,0.031,17.675,-13.533000000000001,-2.237,-0.796,,,-0.0030000000000000027,0.20099999999999998,17.474,1.9019999999999992,-26.172000000000004,24.731,-13.533000000000001,,EWI.L,L,,,,,,,,,,,,,,,,,,,,,,,,,,,,,,,,,,,,,,,,,,,,,,,,,
2019-04-30,4.576,167.783,11.44,11.44,2.943,,,,,584.08,,0.0,,,,,,0.0,53.234,,376.136,1.8585,600.096,294.2487,16.016,53.234,0.0,546.862,,53.234,600.096,0.0,4.576,,2.294,,288.34911,0.20651,59.93,,59.547,59.547,59.575,59.575,,0.028,,62.224,0.355,0.355,,,,0.722,0.025,13.642,-23.583,-1.957,-0.675,,,-0.269,0.221,13.421,-12.167,59.575,-60.857,-23.583,,EWI.L,L,,,,,,,,,,,,,,,,,,,,,,,,,,,,,,,,,,,,,,,,,,,,,,,,,
2020-06-30,336.0,4.0,460.0,460.0,633.0,100.0,60.0,214.0,365.0,246.0,,323.0,222.0,227.0,-88.0,261.0,154.0,16.0,,965.0,156.0,0.38992,2992.0,1266.9419,1413.0,1452.0,886.0,708.0,379.0,2284.0,2992.0,463.0,352.0,3.0,3114.0,,1266.0,0.01027,261.0,-31.0,8.0,13.0,42.0,77.0,-4.0,29.0,,3375.0,194.0,184.0,,,-45,28,,124.0,-53,-112.0,-167.0,59,-28,-16,154,,-57.0,13,-17,-8,-2,VVO.L,L,,48.0,,,,-9.0,-5.0,-1.0,,802.0,,,,,,,,,,,,,,,,,,,,,,,,,,,,,,,,,,,,,,,
2019-12-31,451.0,4.0,517.0,517.0,633.0,98.0,66.0,226.0,294.0,236.0,,229.0,257.0,242.0,-41.0,262.0,144.0,9.0,,999.0,153.0,0.41467,3356.0,1266.07305,1751.0,1826.0,725.0,751.0,517.0,2605.0,3356.0,398.0,460.0,2.0,4041.873,,1265.78929,0.06346,357.058,-23.923,73.025,78.283,127.656,159.701,-8.122,49.373,,4398.931,206.226,197.35699999999952,3.389,,-99,26,,-110.0,-102,423.0,281.0,56,-26,-8,-63,0.0,203.0,78,8,-3,-21,VVO.L,L,,53.0,,,,-11.312,-5.258,-0.946,,1257.0,0.0,,,,,,,,,,,,,,,,,,,,,,,,,,,,,,,,,,,,,,
2019-06-30,576.645,4.317,314.442,314.442,633.036,92.924,75.562,230.33,337.048,238.881,,241.613,298.623,250.4,-32.367,247.456,143.404,12.368000000000052,,914.466,75.372,0.3564,3214.559,1266.07305,1687.478,1718.418,773.085,681.562,485.4,2532.997,3214.559,438.548,589.013,1.204,3585.127,,1244.21071,0.06644,317.942,-29.077,62.975,71.717,118.344,150.299,-2.878,46.627,,3903.069,173.774,167.64300000000003,5.611,,-50,25,,-27.0,-58,22.0,-105.0,50,-25,-16,17,,-79.0,72,5,-8,-19,VVO.L,L,,53.013,,,,-11.688,-8.742,-0.054,,1133.481,0.0,,,,,,,,,,,,,,,,,,,,,,,,,,,,,,,,,,,,,,
2019-12-31,96.8,179,,31.1,6.5,16.2,69.9,77.1,100.4,31.1,,0.0,46.6,13.8,15.7,35.2,2.7,3.0,86.7,415.4,295.1,4.79758,839.0,66.2,211.2,116.7,138.3,496.2,33.7,342.8,839.0,122.1,99.8,,,4.0,65.4,0.35632,,2.8,23.7,24.1,30.4,28.1,-0.5,6.3,,270.7,2.8,242.6,-0.5,6.4,-17.0,2.3,6.6,-8.8,-13.3,24.1,-10.2,10.5,,-1.4,3.4,0,0.6,24.1,-6.7,3.7,-12.2,GNS.L,L,31.1,-1.1,,-0.1,,,-0.4,236.3,,,,,-8.8,101.5,,346.8,,,,,,,,,,,,,,,,,,,,,,,,,,,,,,,,,
2019-06-30,98.0,179,,30.5,6.5,4.3,72.0,80.1,101.9,31.0,,0.0,41.4,12.2,36.0,39.8,3.9,3.299999999999997,87.7,393.6,282.2,4.87591,824.1,65.05456,209.2,104.2,110.1,503.6,36.0,320.5,824.1,105.8,101.3,,,4.8,69.008,0.33472,,2.2,15.0,13.8,16.7,15.0,-0.5,2.9,,249.7,0.6,234.7,8.6,6.999999999999999,-13.3,1.4,6.5,-10.500000000000002,-9.200000000000003,24.9,-1.4000000000000021,6.5,,0.3,-4.700000000000003,0,5.5,13.8,-1.0,4.099999999999998,-5.800000000000001,GNS.L,L,30.5,-1.3,,-0.1,,,1.2,220.7,,,,,,106.3,,,,,,,,,,,,,,,,,,,,,,,,,,,,,,,,,,,
2019-12-29,214.611,64.251,110.514,110.514,8.173,73.812,4.116,69.539,175.37,11.758,0.662,0.0,,2.429,0.255,3.318,2.27,0.0,321.771,404.855,109.411,1.42784,905.546,81.725,416.462,398.012,381.972,186.229,91.337,719.317,905.546,308.16,214.611,,775.324,,81.711,0.23085,127.276,-6.298,18.863,19.824,23.293,29.591,,3.469,,902.6,100.73,97.68500000000006,,,-42.53600000000001,6.316,2.4290000000000003,10.559000000000005,-39.45,62.10900000000001,62.10900000000001,,4.064,-1.89,11.024000000000001,0.374,31.328000000000003,,,3.086,-4.902999999999999,HFG.L,L,,5.711,,,,-3.045,-0.961,,,,0.0,,,,,,4.139,,,,,,,,,,,,,,,,,,,,,,,,,,,,,,,,
2019-07-14,192.95,63.88,79.186,83.563,8.17,90.506,5.752,69.771,160.747,11.833,0.809,0.0,,,3.477,,1.485,1.3540000000000134,284.545,405.867,95.451,1.29017,858.963,81.704,369.198,375.051,388.509,175.183,91.331,683.78,858.963,298.003,194.304,,791.391,,81.619,0.174,120.676,-6.315,14.202,15.336,19.863,26.178,,4.527,,912.067,97.859,94.49800000000005,,,-56.849,6.393,4.981,50.538,-59.301,8.148,8.148,,1.684,-0.433,61.485,0.262,-1.048,,,-2.452,-12.893,HFG.L,L,,4.974,,,,-3.361,-1.134,,,,4.377,,,,,,4.205,,,,,,,,,,,,,,,,,,,,,,,,,,,,,,,,
2018-12-30,172.465,63.628,80.234,88.047,8.16,5.408,6.104,66.96,109.426,5.209,1.227,0.0,,0.0,4.134,,1.653,0.7690000000000055,274.885,158.549,94.142,1.33103,577.069,81.598,343.471,280.293,114.834,175.569,82.19,401.5,577.069,109.426,173.234,,684.531,,82.589,0.19724,101.437,-1.621,16.29,17.372,22.365,23.986,,4.993,,785.968,78.642,77.45100000000002,0.0,,-58.781,1.643,2.5500000000000007,32.649,-53.066,24.659,24.659,,-0.006999999999999895,0.446,37.147,0.07799999999999996,4.688000000000001,,,5.715,-4.568999999999999,HFG.L,L,,5.677,,,,-1.191,-1.082,,,,7.813,,,,,,5.505,,,,,,,,,,,,,,,,,,,,,,,,,,,,,,,,
2019-12-31,,870.7,,,64.5,,63.1,31.4,344.5,,,,,41.5,-1.0,124.2,4.8,,,41.6,542.3,3.24531,21417.1,445.44345,,,357.8,1477.0,,19940.1,21417.1,357.8,,0.5,,,340.0,0.29265,,,93.0,93.0,118.1,,,25.1,,,,,,,-1.5,342.5,30.6,417.8,937.6,-668.9000000000001,-778.5,5.199999999999999,430.20000000000005,,-0.8,0.4,686.5,118.1,-13.7,939.1,-11.999999999999996,OSB.L,L,,,,,,,,,-2.2,,,,-7.7,,,49.3,,,,,,35.4,,,,,,,,,1543.5,,18446.8,1115.15,19353.5,312.0,9.7,180.7,190.4,-68.4,5.8,121.6,,,,,,,
2019-06-30,,165.3,,,84.5,,,8.1,26.1,,,,,20.6,-0.3,81.9,2.2,,,28.6,470.1,2.9017,11637.8,245.16651,,,26.1,719.5,,10918.3,11637.8,26.1,,-0.1,,,246.8,0.26661,,,65.8,65.8,91.0,,,25.2,,,,,,,-10.1,4.1,22.4,70.3,-111.0,132.8,29.1,3.0,95.9,,-0.3,,92.1,91.0,9.7,-100.9,-25.3,OSB.L,L,,,,,,,,,-3.3,,,,,,,,,,,,,16.3,,,,,,,,,1045.87,,9862.0,540.261,10789.7,227.9,5.9,144.8,150.7,-55.0,1.2,77.2,,,,,,,
2020-03-31,185,684,,56.0,1.0,59,,205,793,0,388,0.0,1,34,-64,2,135,0.0,377,339,-215.0,-0.25654,1829.0,1146.0,267.0,470.0,1010.0,406.0,25,1423.0,1829.0,951.0,185.0,,379,97,1162.0,0.05077,392,-28,152.0,152.0,130.0,168.0,-10,-22.0,,771.0,,224.0,-100,41,-66,42,0.0,-130.0,133,41.0,-76.0,56,-41,,-77,-1.0,44.0,168,-148,199,-11,TALK.L,L,56,,,,,3,,224,,,,,,495,,,,,,,,,,,,,,,,,,,,,,,,,,,,,,,,,,,
2019-09-30,191,684,12.0,12.0,1.0,65,,223,837,2,352,0.0,58,59,-64,4,119,0.0,426,325,-358.0,-0.39703,1805.0,1146.0,289.0,550.0,1053.0,263.0,28,1542.0,1805.0,988.0,191.0,,384,96,1150.0,0.01217,402,-25,1.0,1.0,1.0,29.0,-3,0.0,,786.0,,373.0,10,38,-50,27,,-37.0,-56,38.0,-89.0,58,-27,,7,,-55.0,29,2,-6,-17,TALK.L,L,67,,,,,5,,262,,279.0,,134.0,,495,20.0,,,,,,,,,,,,,,,,,,,,,,,,,,,,,,,,,,
2019-03-31,199,684,,67.0,1.0,10,,235,838,2,310,0.0,47,62,-64,17,118,0.0,491,199,-333.0,-0.38569,1706.0,1146.0,347.0,563.0,848.0,288.0,34,1418.0,1706.0,838.0,199.0,,376,75,1169.0,0.05646,425,-23,35.0,35.0,-1.0,28.0,-6,-36.0,,801.0,,397.0,28,39,-49,28,1.0,-46.0,-50,126.0,23.0,36,-28,,-7,0.0,30.0,28,0,-1,-11,TALK.L,L,67,,,,,5,,289,,,,,,495,,,,,,,,,,,,,,,,,,,,,,,,,,,,,,,,,,,
2019-12-31,77.0,,2.3,191.3,7.6,9.9,6.0,238.2,0.1,6.0,2.1,0.0,,9.4,,8.4,24.6,0.09999999999999432,151.3,79.0,369.9,4.58665,619.4,30.37078,269.5,170.6,63.7,377.5,1.1,241.9,619.4,53.8,77.1,,7.1,0.5,30.32794,0.69243,188.1,-0.6,-26.8,-25.7,-19.0,-18.6,0.2,6.7,,195.2,158.5,206.70000000000002,47.7,0.7999999999999999,-5.5,1.2999999999999998,3.999999999999999,-17.3,8.299999999999999,80.1,42.6,6.9,-1.2000000000000002,-4.5,-9.3,0.8,66.6,-19.0,48.8,13.8,-7.6,CKN.L,L,173.4,3.1,,,,,-1.1,,,,15.6,,-8.1,,,61.5,,,,,,,,,,,,,,,,,,,,,,,,,,,,,,,,,
2019-06-30,83.5,,2.0,148.0,7.6,14.6,6.5,298.6,0.1,5.9,1.5,0.0,,6.7,,7.0,27.8,1.0,122.1,75.1,424.0,4.38944,642.2,30.3,233.3,143.4,66.2,431.6,0.8,210.6,642.2,51.6,84.5,,7.2,0.5,30.3,0.48185,160.6,-1.0,14.0,14.8,19.2,20.0,0.2,4.4,,167.8,139.7,140.60000000000002,0.4,0.6,-3.4,1.5,5.2,-17.7,-16.7,-12.3,-39.7,6.4,-4.2,-0.7,1.9,,-47.4,19.2,1.2,-13.3,-15.4,CKN.L,L,107.1,2.1,,,,,-0.8,,,,38.9,,-3.9,,,53.4,,,,,,,,,,,,,,,,,,,,,,,,,,,,,,,,,
2020-03-31,71.1,62.2,95.4,95.4,2.9,30.0,10.2,135.5,0.0,0.0,0.0,0.0,0.9,14.7,11.5,1.8,48.0,0.20000000000000284,125.1,30.0,175.0,2.02142,439.9,57.43476,226.4,169.8,36.5,251.6,58.8,188.3,439.9,6.5,71.3,,74.5,5.4,58.0,0.33793,76.6,-0.4,19.6,17.8,20.8,21.4,-0.2,3.0,13.2,151.1,39.0,55.19999999999999,0.6,5.699999999999999,-3.0,-0.6000000000000001,2.5999999999999996,-7.800000000000001,17.9,42.300000000000004,18.6,2.9000000000000004,,0.8999999999999999,-2.3,0.49999999999999994,53.300000000000004,19.599999999999998,-4.5,20.9,-5.999999999999999,OXIG.L,L,,,,,,-3.0,,,,,,,,,,,,,,,,,,,,,,,,,,,,,,,,,,,,,,,,,,,
2019-09-30,75.1,61.7,42.1,42.1,2.9,3.4,6.6,149.8,27.9,4.6,0.0,0.0,0.9,21.2,16.1,1.0,19.4,0.8000000000000114,109.1,33.3,135.0,1.14853,391.5,57.37785,184.4,134.5,37.1,215.7,65.5,175.8,391.5,33.7,75.9,,84.1,6.0,57.8,0.26817,82.2,-0.4,14.2,14.2,18.0,18.4,0.0,3.8,10.7,166.3,43.4,63.80000000000001,0.0,6.0,-4.2,1.6,3.5,-3.6,-3.2,12.9,-15.6,4.0,,0.8,-1.6,0.2,6.9,14.2,4.3,1.0,-2.2,OXIG.L,L,,,,,,3.7,,,,,,0.8,,,,,,,,,,,,,,,,,,,,,,,,,,,,,,,,,,,,,
2019-03-31,78.3,61.7,35.2,35.2,2.9,3.6,6.3,152.5,27.9,4.6,0.3,0.0,1.1,13.0,13.4,7.6,15.3,2.4000000000000057,116.9,33.0,124.2,0.86622,383.5,57.3756,177.8,133.5,37.5,202.2,60.8,181.3,383.5,33.9,80.7,,81.6,6.2,57.7,0.36568,85.4,-0.9,21.1,18.9,22.7,23.7,-0.1,3.8,10.7,167.0,45.8,61.70000000000002,0.3,7.2,-4.9,1.2000000000000002,3.999999999999999,-9.8,-4.1000000000000005,29.700000000000003,-0.7999999999999989,3.3000000000000003,,0.5,-4.5,0.2,16.3,19.799999999999997,0.20000000000000018,0.7999999999999999,-5.5,OXIG.L,L,,,,,,-1.3,,,,,,,,,,,,,,,,,,,,,,,,,,,,,,,,,,,,,,,,,,,
2019-12-31,58.088,7.441,19.494,19.494,4.093,6.981,69.655,102.594,103.95,,,0.0,1.186,7.088,,7.179,88.656,0.0,88.15,416.734,453.202,0.88381,771.079,409.25979,163.095,102.219,134.706,464.301,84.327,306.778,771.079,127.725,58.088,,127.553,,412.996,0.08209,78.404,-0.937,33.128,33.511,41.01,41.947,,7.499,,205.957,37.191,36.456999999999994,0.482,3.3320000000000003,-19.940999999999995,1.346,6.498,-27.904,-31.365,46.343,-12.067,15.754,0,0.187,4.872,0.7519999999999998,-12.738999999999999,40.627,-1.303,-11.424,-33.528,IBST.L,L,,,,-0.435,,,,-1.216,,,,,,,,,,,,,,,,,,,,,,,,,,,,,,,,,,,,,,,,,
2019-06-30,64.05,6.888,32.233,32.233,4.091,6.151,69.078,96.385,93.708,,,0.0,0.0,7.365,0.0,4.116,90.596,0.0,83.87,415.462,459.663,0.91221,765.526,409.14591,163.083,97.386,131.485,469.612,66.8,295.914,765.526,125.334,64.05,,122.455,,410.878,0.08136,80.845,-1.095,32.964,32.964,40.981,42.076,,8.017,,203.3,39.494,38.76899999999999,0.578,3.078,-18.856,1.259,6.768,-16.196,-17.682,29.863,-27.579,13.245,0,0.2,6.448,3.896,-3.815,40.981,0.138,1.174,-26.54,IBST.L,L,,,,-1.03,,,,-1.303,,,,,,,,,,,,,,,,,,,,,,,,,,,,,,,,,,,,,,,,,
2020-03-28,213.6,98.5,21.5,21.5,5.2,10.3,7.2,207.3,102.5,,,0.0,43.4,12.1,0.1,1.9,7.2,0.700000000000017,191.4,426.3,510.7,7.79002,995.5,52.272,354.7,213.8,168.4,614.5,75.5,381.0,995.5,158.1,214.3,,776.2,2.1,52.297,1.86464,121.0,-1.8,44.8,44.8,56.6,58.4,,11.8,,897.2,63.3,62.59999999999991,-2.8,2.1,-45.5,2.5999999999999996,11.799999999999999,-5.600000000000001,-70.10000000000001,76.1,-13.099999999999998,30.6,-2.6999999999999997,,2.0,2.1,0.4,44.800000000000004,11.700000000000001,-24.6,-7.000000000000002,CWK.L,L,,,,,,,,,,,,,-8.9,,,77.5,,,,,,,,,,,,,,,,,,,,,,,,,,,,,,,,,
2019-09-30,191.0,94.7,21.1,21.1,5.2,8.4,3.6,190.6,88.3,,,0.0,27.6,8.7,-0.3,9.0,,0.0,177.0,384.9,460.9,7.10184,893.6,52.08513,318.1,194.1,134.8,560.5,78.4,333.1,893.6,126.4,191.0,,669.7,1.6,51.959,0.68941,100.3,-1.0,37.9,37.9,47.4,48.4,,9.5,,770.0,52.9,51.89999999999998,-2.6,1.6,-55.7,0.2,15.9,53.9,-94.2,40.9,-27.8,19.6,-0.2,,69.2,0.5,0.6,37.9,9.6,-38.5,-15.6,CWK.L,L,,,,,,,,,,,,,-3.6,,,90.9,,,,,,,,,,,,,,,,,,,,,,,,,,,,,,,,,
2019-03-31,161.7,89.1,20.5,20.5,5.2,0.6,0.8,2.2,14.2,,,0.0,22.9,7.9,-0.4,9.3,,0.0,150.2,291.9,441.0,7.38004,717.9,51.67993,272.5,158.7,14.8,534.9,67.4,183.0,717.9,14.2,161.7,,620.7,1.6,51.785,0.71408,97.2,-0.1,35.6,35.6,43.9,44.1,-0.1,8.3,,717.9,49.8,53.09999999999991,1.7,1.6,-38.400000000000006,0.4,9.100000000000001,0.2999999999999998,-37.8,48.7,-15.700000000000003,15.099999999999998,-0.5,,7.0,1.5,11.200000000000001,35.599999999999994,12.100000000000001,0.5999999999999999,-7.700000000000001,CWK.L,L,,,,,,,,,,,,,,151.3,,,,,,,,,,,,,,,,,,,,,,,,,,,,,,,,,,,
2020-03-31,329.6,153.1,47.6,47.6,53.4,330.3,95.1,399.6,438.9,,10.0,0.0,56.5,126.8,-10.7,10.4,252.5,12.199999999999989,319.4,586.3,241.9,0.12444,1826.6,266.79303,578.2,776.5,842.1,432.8,132.3,1393.8,1826.6,511.8,341.8,,341.4,,266.6,0.1973,357.4,-9.2,38.9,38.9,53.6,62.8,,14.7,,698.8,281.7,294.6,12.9,8.1,-25.8,12.0,12.1,30.5,-22.5,-8.1,-106.7,27.1,-14.1,-1.3,99.3,2.9,-1.4,53.6,9.8,3.3,-57.6,BVIC.L,L,,,,-4.9,,,,,,,,,,,,,,,,,,,,,,,,,,,,,,,,,,,,,,,,,,,,,
2019-09-29,358.0,145.5,49.0,49.0,53.1,166.3,69.0,427.8,517.2,,6.5,0.0,72.0,139.0,12.1,21.3,187.5,1.3999999999999773,412.4,494.0,211.6,-0.05951,1737.2,265.51074,621.4,717.7,683.5,412.0,141.0,1325.2,1737.2,517.2,359.4,,360.8,,267.6,0.43236,415.0,-8.7,46.0,46.0,65.1,73.8,,19.1,,775.8,284.6,341.2,56.6,9.0,-41.599999999999994,10.4,13.899999999999999,-86.10000000000001,-40.99999999999999,169.6,24.900000000000006,15.800000000000004,-10.4,0.4,-47.3,-6.4,42.900000000000006,65.1,54.8,0.6,-21.999999999999993,BVIC.L,L,,,,-10.3,,0.0,,,,,,,,,,,,,,,,,,,,,,,,,,,,,,,,,,,,,,,,,,,
2019-04-14,366.4,144.1,6.4,6.4,53.1,206.3,59.6,424.8,504.9,,8.0,0.3,25.1,90.7,6.3,16.1,119.9,5.5,414.8,524.1,146.3,-0.30305,1637.1,265.29867,560.3,712.1,711.5,344.4,156.9,1292.7,1637.1,504.9,371.9,,373.2,,266.2,0.24343,396.0,-11.0,34.9,34.9,45.2,56.2,,10.3,,769.2,312.3,339.8,27.5,9.5,-33.2,10.6,9.8,-86.2,-32.6,15.5,-74.2,35.9,-10.6,-0.1,-22.2,0.2,-103.4,45.2,-0.9,0.6,-53.6,BVIC.L,L,,,,-5.4,,0.0,,,,,,,,,,,,,,,,,,,,,,,,,,,,,,,,,,,,,,,,,,,
2019-12-31,335.7,231.4,213.1,213.1,6.0,95.8,12.8,178.5,98.9,0.0,0.0,0.0,20.4,48.2,97.2,54.4,9.0,4.100000000000023,296.8,369,986.9,4.27694,1973.8,116.01763,770.5,440.8,240.1,1321.5,197.2,652.3,1973.8,144.3,339.8,,375.8,,116.5,0.93562,497.1,-3.7,282.5,282.5,309.4,335.1,-22.0,26.9,53.5,872.9,313.2,161.99999999999994,-204.7,71.0,-43.49999999999999,5.5,19.2,-220.5,215.5,161.5,-24.1,27.200000000000003,-7.699999999999999,-4.4,-187.8,0.4,152.10000000000002,282.5,-195.1,259.0,-25.4,SXS.L,L,,,,,,,,,,,,,,646.8,,,,,,,,,,,,,,,,,,,,,,,,,,,,,,,,,,,
2019-06-30,347.1,231.4,70.4,70.4,6.0,17.9,17.2,206.0,355.7,2.6,40.6,9.4,0.0,46.6,167.0,122.6,11.3,4.399999999999977,353.8,398,729.4,1.64922,2057.0,115.93363,661.9,427.7,383.0,1133.8,240.0,923.2,2057.0,355.7,351.5,,342.0,,115.7,0.70009,417.1,-3.3,-48.4,-48.4,-50.1,-46.1,-0.7,-1.7,54.7,759.1,408.5,463.20000000000005,0.0,24.2,-43.1,4.4,17.8,-50.8,-34.8,79.3,-9.4,30.4,-4.4,0.0,-0.1,0.6,-6.3,-48.4,82.5,8.3,-46.9,SXS.L,L,,,,,,,,,,,,,,736.6,,,,,,,,,,,,,,,,,,,,,,,,,,,,,,,,,,,
2020-03-31,10.0,295.4,,70.3,180.7,9.0,,2.0,617.2,2594.2,,0.0,25.2,46.1,,,19.1,0.0,,4.8,1531.5,11.04301,2735.5,180.74787,115.4,92.1,654.4,1998.0,,737.5,2735.5,645.4,10.0,,19.3,,180.56497,-0.14953,61.9,-11.8,-27.0,-27.0,-26.6,-14.8,,0.4,,81.2,9.2,76.7,0,0.3,-2.0,12.100000000000001,0.1,-19.799999999999997,37.4,41.1,-14.0,0.6000000000000001,0.1,,2.9000000000000004,0.3,58.7,-26.599999999999994,80.80000000000001,39.400000000000006,-23.1,WKP.L,L,70.3,,,-9.6,,67.9,,-0.4,,4.8,,32.2,,,9.9,,,,,,,,,,,,,,,,,,,,,,,,,,,,,,,,,,
2019-09-30,7.6,295.4,,11.6,180.7,,,2.0,623.0,2643.8,4.5,0.0,71.2,45.6,,,16.5,0.0,,3.7,1576.0,11.28872,2773.1,180.72914,102.6,87.4,643.5,2042.2,,730.9,2773.1,643.5,7.6,,20.1,,181.55302,0.54585,60.1,-11.5,99.1,99.1,99.1,110.6,,0.0,,80.2,8.5,-50.5,0,0.2,-1.2,12.0,-0.2,-27.0,-22.8,43.6,-9.3,0.3,-0.1,,11.0,0.0,-6.2,99.1,-46.7,-21.6,-37.9,WKP.L,L,11.6,,,-9.9,,-59.6,,0.6,,6.7,,35.1,,,12.2,,,,,,,,,,,,,,,,,,,,,,,,,,,,,,,,,,
2019-03-31,4.3,295.1,,17.3,180.4,,,1.6,607.4,2601.2,,0.0,37.8,42.2,,,10.1,0.0,,3.4,1515.8,10.97871,2682.2,180.3855,65.9,77.0,623.2,1982.0,,700.2,2682.2,623.2,4.3,,20.6,,181.57238,0.19662,56.9,-11.2,35.7,35.7,35.7,46.9,,0.0,,77.5,8.7,10.0,0,0.2,-0.7000000000000002,10.899999999999999,0.0,68.8,-160.2,51.8,2.0,0.4,-0.6999999999999997,,90.0,0.09999999999999432,-39.599999999999994,35.70000000000002,13.5,-159.5,-20.6,WKP.L,L,17.3,,,-9.3,,0.0,,1.3,,5.7,,29.1,,,6.5,,,,,,,,,,,,,,,,,,,,,,,,,,,,,,,,,,
2019-12-29,62.0,36.7,11.1,11.1,2.4,0.9,1.1,34.5,248.3,50.0,37.1,0.0,55.7,36.6,-4.1,22.9,5.7,0.0,85.4,84.8,-64.6,-0.13868,353.9,462.23007,141.8,122.9,249.2,-29.6,13,383.5,353.9,248.3,62.0,,273.5,,463.43775,0.20434,234.8,3.1,13.1,59.3,75.1,72.4,-0.4,15.8,,508.3,143.9,162.39999999999998,23.4,,-11.599999999999998,3.0999999999999996,10.0,-22.1,-10.3,37.300000000000004,-11.7,10.0,-5.8,-0.4,3.5,-0.5,4.5,47.60000000000001,-8.6,1.3,-19.299999999999997,DOM.L,L,,-11.7,,,,-4.9,10.3,,,,,,,,,,,,,,,,,,,,,,,,,,,,,,,,,,,,,,,,,,
2019-06-30,51.9,36.7,11.5,11.5,2.4,5.8,5.9,102.7,256.1,50.2,37.9,0.0,0.9,14.2,-5.4,23.4,6.6,0.0,85.4,110.1,-35.1,-0.2222,386.8,468.50673,79.3,105.4,261.9,-1.4,15,388.2,386.8,256.1,51.9,,168.0,,465.69372,0.0554,127.6,-2.1,24.5,22.4,30.5,32.9,-0.3,8.1,,295.6,92.4,94.69999999999999,,,-11.8,3.2,4.1,-24.0,-12.2,22.9,-21.7,8.8,-3.2,0.0,21.6,-17.4,-13.3,33.8,2.0,-0.4,-25.0,DOM.L,L,,-2.6,,,,0.1,2.1,2.2,,,,,,,,,,,,,,,,,,,,,,,,,,,,,,,,,,,,,,,,,
2019-12-31,37,59,89,89.0,37.0,,4,2,75,8,7,0.0,,0,,133,21,14.0,699,25,1546.0,4.65657,2553.0,352.19042,2490.0,699.0,75.0,1642.0,2350,911.0,2553.0,75.0,51.0,,662,,345.0,0.37101,208,-2,128.0,128.0,157.0,159.0,,29.0,,870.0,49,49.0,,,-3,1,77,-77.0,-5,-33.0,-192.0,3,,,-5,0,-115.0,159,-3,-2,-72,RDW.L,L,,,,,,,,,,,,,,,,,,,,,,,,,,,,,,,,,,,,,,,,,,,,,,,,,
2019-06-30,48,59,204,204.0,37.0,,4,2,80,6,9,0.0,,34,,175,22,0.0,726,16,1489.0,4.49473,2604.0,352.19042,2549.0,760.0,80.0,1585.0,2297,1019.0,2604.0,80.0,48.0,,871,,352.61845,0.50763,271,-3,179.0,179.0,221.0,224.0,,42.0,,1142.0,47,47.0,,,-3,1,42,-79.0,-2,183.0,-37.0,2,,,79,-10,102.0,224,-6,1,-148,RDW.L,L,,,,,,,,,,,,,,,,,,,,,,,,,,,,,,,,,,,,,,,,,,,,,,,,,
2019-12-31,748.4,1143.3,,409.1,34.5,314.7,16.3,354.2,758.2,7.7,37.7,286.3,37.5,1082.7,0.6,481.8,524.4,4.5,619.8,675.2,-1294.0,-0.99419,3976.5,1668.5,1199.5,2303.5,1839.9,-126.8,,4103.3,3976.5,1238.9,752.9,,1290.6,,1655.9,0.13715,536.0,-30.9,-90.5,-84.7,-93.8,-60.4,-2.5,-9.1,,1826.6,596.4,596.4000000000001,0,38.00000000000001,-118.0,32.099999999999994,3.2,-128.70000000000002,-124.5,-7.800000000000001,-133.99999999999997,77.0,-4.6,3.4,-123.4,-0.7,-257.59999999999997,-60.4,71.6,-6.5,,CPI.L,L,409.1,62.8,,-11.2,,,-7.1,,,,,,,1177.8,,,,,,,,,,,,,,,,,,,,,,,,,,,,,,,,,,,
2019-06-30,893.8,1143.3,,716.5,34.5,360.4,15.2,1588.5,843.8,10.1,43.9,339.6,49.3,1264.5,5.1,480.0,504.2,2.6000000000000227,652.1,722.3,-1169.9,-0.95103,4531.2,1668.4,1662.2,2616.6,2047.5,1.8,,4529.4,4531.2,1347.5,896.4,,1392.4,,1674.0,0.04242,459.6,-26.4,26.3,25.6,31.2,60.8,-3.2,5.6,,1852.0,398.8,398.79999999999995,0,43.4,-64.4,26.3,2.2,-167.1,-80.1,-18.5,-151.9,82.5,0.0,-0.1,-167.1,0.0,-265.8,60.8,-53.3,-15.7,,CPI.L,L,716.5,70.1,,-11.2,,,-3.0,,,,,,,,,,,,,,,,,,,,,,,,,,,,,,,,,,,,,,,,,,
2019-12-31,26.172,222.618,,16.243,38.416,0.482,0.359,0.095,0,0,3.605,0.0,2.719,14.162,,10.091,0.359,7.450999999999997,,61.932,-185.404,0.98277,122.928,76.85913,56.937,28.941,8.389,75.63,2.579,47.298,122.928,7.907,33.623,,24.019,,76.86176,-0.07674,7.94,-0.313,-5.898,-5.898,-8.776,-8.406,-0.057,-2.878,4.935,31.959,7.853,16.346000000000004,,0.011,-10.846,-0.839,-3.128,-0.3489999999999993,-4.6690000000000005,-4.813,-1.3,2.9829999999999997,-0.1559999999999997,,-0.3639999999999972,0.17099999999999937,-9.831000000000001,-8.406,1.899,6.1770000000000005,,OXB.L,L,16.243,,,,,0.717,,2.841,,7.311,,6.986,-20.372,,1.773,82.304,,,,,,,,,,,,,,,,,,,,,,,,,,,,,,,,,
2019-06-30,27.781,222.626,,26.074,38.366,0.296,0.055,0.106,0,0,3.6,0.0,9.555,20.434,,6.651,,7.2520000000000024,,50.287,-180.788,1.04338,129.084,76.76797,75.091,34.005,8.465,80.204,3.117,48.88,129.084,8.169,35.033,,11.704,,68.55813,-0.14831,20.397,-6.052,-10.168,-10.168,-12.113,-6.061,,-1.945,17.611,32.101,4.028,26.458,,0.011,-14.928,3.352,,7.254,-14.729,1.305,2.339,2.782,-3.992,,-44.06,55.306,-6.17,-6.061,2.234,0.199,,OXB.L,L,26.074,,,,,1.166,,3.653,,5.264,,8.011,-17.388,,1.312,67.675,,,,,,,,,,,,,,,,,,,,,,,,,,,,,,,,,
2019-11-30,,,1.679,1.679,18.676,,,,29.829,824.007,,37.169,,2.239,,,,,,,736.875,10.11423,829.393,74.7018,5.386,44.013,66.998,755.551,,73.842,829.393,29.829,1.899,,5.229,,74.7018,0.69245,52.015,,51.727,51.727,51.727,51.727,,,,57.244,,0.28800000000000026,,,,0.731,,-4.239,,5.046,0.462,,,,8.082,,0.807,51.727,-47.143,,-12.321,HSL.L,L,,,0.00426,,,,,0.288,,,,4.605,,,1.808,,,,,,,,,,,,,,,,,,,,,,,,,,,,,,,,,,
2019-05-31,,,0.872,0.872,18.676,,,,29.823,776.233,,29.087,,4.673,,,,,,,697.469,9.58672,780.339,74.7018,4.106,34.371,58.91,716.145,,64.194,780.339,29.823,0.228,,1.832,,74.7018,0.88378,66.414,,66.02,66.02,66.02,66.02,,0.0,,68.246,,0.3939999999999999,,,,0.6819999999999999,,13.145999999999997,,-13.373999999999995,-22.95,,,,18.002,,-0.2280000000000002,66.02000000000001,-56.444,,-4.856,HSL.L,L,,,0.00426,,,,,0.394,,,,0.611,,,3.006,,,,,,,,,,,,,,,,,,,,,,,,,,,,,,,,,,
2020-03-31,1.5,616.1,257.0,257.0,33.8,0,36.3,17.0,1247.8,1776.1,,0.0,,29.3,-14.1,2.5,9.5,29.9,,2.2,790.0,2.09144,2797.6,673.60194,992.8,85.2,1247.8,1425.8,702.1,1371.8,2797.6,1247.8,31.4,,24.6,,628.0,0.06372,65.0,-17.1,40.1,40.1,49.6,66.7,,9.5,,89.6,13.8,-1.7000000000000028,-0.1,,-85.9,17.6,20.5,130.1,-80.2,17.8,-22.9,0.8,-0.6,,-30.6,182.5,67.7,40.1,-0.2,5.7,-21.2,GRI.L,L,,,,,,-15.6,,0.2,,21.7,,34.2,,,2.3,,,,,,,,,,,,,,,,,,,,,,,,,,,,,,,,,,
2019-09-30,20.3,436.5,189.3,189.3,30.7,100,32.7,11.2,1176.8,1684.3,,0.0,0.0,34.0,-14.3,2.9,5.6,17.999999999999996,,0.3,770.6,1.97511,2631.2,613.78845,929.8,195.3,1276.8,1223.5,700.0,1407.7,2631.2,1176.8,38.3,,42.1,,613.9,0.10727,75.3,-18.4,65.6,65.6,77.0,95.4,0.0,11.4,,117.4,14.2,-20.1,0.3,,-119.5,20.200000000000003,9.6,54.599999999999966,-92.60000000000002,86.3,37.39999999999999,1.1,-3.8,,68.6,0.2999999999999545,48.3,65.60000000000001,-17.799999999999997,26.899999999999977,-10.5,GRI.L,L,,,,,,-35.4,,0.8,,17.5,,43.8,,,2.2,,,,,,,,,,,,,,,,,,,,,,,,,,,,,,,,,,
2019-03-31,77.3,436.2,141.0,141.0,30.6,0,25.4,8.6,1210.6,1561.5,,0.0,0.9,21.8,-7.0,1.6,4.9,0.0,68.2,0.2,716.2,1.90716,2506.7,612.11539,931.5,90.0,1210.6,1176.0,712.3,1330.7,2506.7,1210.6,77.3,,46.2,,548.5,0.09485,65.3,-12.7,49.3,49.3,54.3,67.0,,5.0,,111.5,13.8,-1.7000000000000028,3.0,,-101.0,16.9,8.4,350.3,-416.4,97.8,58.2,0.4,-0.5,,31.9,333.6,31.7,49.3,-10.1,-315.4,-14.7,GRI.L,L,,3.1,,,,-22.1,,3.6,,,,,,,,,,,,,,,,,,,,,,,,,,,,,,,,,,,,,,,,,
2020-03-28,60.588,2474.318,,428.205,100.058,360.073,29.008,119.696,561.418,5.7,7.517,0.928,16.702,184.128,17.315,0.937,22.988,0.0,419.999,1398.816,-1724.292,-0.17411,3570.123,1000.5829,1093.495,965.128,2068.652,867.399,588.0,2702.724,3570.123,1707.651,60.588,,1278.754,,1001.301,0.17375,631.195,-37.055,74.565,188.358,219.843,256.898,,31.485,,1909.949,450.762,374.297,-16.932,1.274,-44.455,42.406,29.306,-148.41899999999998,106.97300000000001,405.49999999999994,148.98,106.964,-45.085,1.213,-76.319,,365.267,107.642,40.64,151.428,-27.015,BME.L,L,428.205,0.0,,,,,0.129,-59.533,,,,,-169.937,921.911,,1568.753,,,,,,,,,,,,,,,,,,,,,,,,,,,,,,,,,
2019-09-28,57.79,2474.249,77.644,77.644,100.056,353.619,28.712,120.407,564.772,6.488,8.513,15.634,110.469,38.625,6.75,1.425,18.468,6.814,475.368,1382.282,-1609.448,-0.07044,3541.456,1000.56122,1083.62,883.246,2024.416,971.607,830.903,2569.849,3541.456,1655.163,64.604,,1251.825,,1001.235,0.05409,651.613,-43.734,15.462,6.419,32.18,75.914,,25.761,,1903.438,516.166,575.6989999999998,59.533,1.294,-80.176,45.341,28.618,-78.525,-77.278,137.257,-99.101,104.089,-42.721,,13.223,,-18.546,32.18,98.795,2.898,-49.027,BME.L,L,,1.303,,,,,9.043,,,,,,-179.074,921.678,,1561.356,,,,,,,,,,,,,,,,,,,,,,,,,,,,,,,,,
2019-03-30,,,,,,,,,,,,,,,,,,,,,,,,,,,,,,,,,,,1116.193,,1001.066,0.10907,590.544,-35.937,105.208,106.876,135.258,171.195,,28.382,,1706.737,419.349,419.34899999999993,0.0,1.273,-65.645,42.528999999999996,25.723000000000003,-89.528,-141.434,254.58700000000002,-18.593000000000004,98.69399999999999,-43.464,-0.658,-19.048999999999996,,22.967,126.01500000000001,47.19799999999999,-75.789,-27.015,BME.L,L,86.202,,,,,,2.307,,,,,,,,,,,,,,,,,,,,,,,,,,,,,,,,,,,,,,,,,,
2020-05-31,19.6,13.1,52.9,52.9,1.6,8.3,,17.6,,,7.5,0.0,,4.5,,2.1,8.9,0.1999999999999993,30.3,73.9,119.0,3.51033,202.7,32.675,93.4,43.1,32.1,133.7,20.7,69.0,202.7,23.8,19.8,,43.784,5.489,32.674,0.73754,77.566,-0.025,23.847,23.847,30.816,30.841,,6.969,,121.35,47.366,46.725,,2.953,-10.906,,5.041,-31.58,-10.892,61.731,16.996000000000002,9.828999999999999,,0.645,-5.4590000000000005,0.04200000000000004,19.904,30.841,1.1119999999999999,0.014000000000000012,-26.173,GAW.L,L,,,,,,,,-6.13,,,,,,1.4,,,,,,,,,,,,,,,,,,,,,,,,,,,,,,,,,,,
2019-12-01,28.749,13.03,32.967,32.967,1.634,8.086,,18.052,,,4.516,0.0,,14.326,,2.397,8.68,0.6760000000000019,18.799,68.088,106.243,3.10398,184.869,32.67484,84.1,41.211,28.44,120.907,21.708,63.962,184.869,20.354,29.425,,45.316,4.611,32.81,1.45062,103.034,-0.575,47.453,47.453,58.584,59.159,,11.131,,148.35,49.934,43.875,,3.147,-13.694,0.01,17.659,-25.22,-13.608,42.769,-28.896,9.071,-0.01,-0.345,-4.841,0.758,3.596,59.159,0.288,0.086,-21.127,GAW.L,L,,,,,,,,-10.67,,,,,,1.433,,,,,,,,,,,,,,,,,,,,,,,,,,,,,,,,,,,
2019-06-02,18.796,12.281,29.371,29.371,1.625,,,16.004,,,3.085,0.0,,10.054,,1.854,8.582,0.8140000000000001,19.199,35.303,92.567,2.7394,137.58,32.502,73.173,29.253,0.0,106.473,24.192,31.107,137.58,0.0,19.61,,41.914,,32.818,1.02479,89.435,0.059,33.011,33.011,40.487,40.428,,7.476,,131.349,54.882,49.007000000000005,,3.23,-11.58,0.005,8.251999999999999,-29.223,-11.506000000000002,44.556000000000004,-4.837,5.187000000000001,-0.005,0.20899999999999996,,0.030999999999999917,4.036,40.428,0.548,0.07400000000000001,-29.249000000000002,GAW.L,L,,,,,,,,-5.875,,,,,,1.433,,,,,,,,,,,,,,,,,,,,,,,,,,,,,,,,,,,
2019-12-31,,,948.6,,150.0,,9.6,702.5,605.5,4965.1,,52.3,,50.3,0.1,582.9,9.7,,,292.6,2476.2,1.42039,9434.2,1366.6,,,822.2,2643.6,,6790.6,9434.2,769.9,,47.5,,36.3,1384.1,0.15192,,1.7,208.1,208.1,248.4,246.7,,40.3,,,182.0,1407.0,12.5,,-97.5,13.2,,-136.5,-97.69999999999999,47.30000000000001,47.30000000000001,,-13.2,,-6.5,-9.9,-186.9,,,-0.2,-106.89999999999998,DLG.L,L,,,,-30.2,,15.0,,111.1,-8.3,,,,,,,,,,,,846.5,1493.0,5325.6,,1050.1,58.9,0.3,1530.72,,,,,,,,,,,,,,,176.2,,,,,,
2019-06-30,,,866.6,,150.0,,15.7,629.3,607.1,4979.0,,56.4,,42.3,0.8,740.9,17.0,,,298.0,2376.3,1.39074,9430.4,1366.9,,,826.3,2530.3,,6900.1,9430.4,769.9,,27.3,,41.2,1380.9,0.14737,,1.7,211.8,211.8,261.3,259.6,,49.5,,,193.4,1378.9,,,-90.1,13.2,,-334.1,-89.9,414.8,414.8,,-13.2,,-6.6,-0.5,-9.2,,,0.2,-313.8,DLG.L,L,273.0,,,-24.1,,15.1,,120.2,-8.3,,,,,,,,,,-0.8,,928.3,1263.3,5274.9,,1009.0,67.2,1.5,1507.7759999999998,,,,,,,,,,,,,,,175.9,,,,,,
2020-04-30,7.566,94.328,,19.537,11.178,98.854,,,39.908,2088.827,,0.0,,,,,,0.0,13.544,,1214.421,8.78367,2115.93,223.55386,27.103,112.398,138.762,1963.624,,152.306,2115.93,39.908,7.566,643.697,6.731,,221.09278,0.13365,30.75,,29.55,29.55,29.921,29.921,,0.371,,37.481,0.829,0.8289999999999997,,,,2.9139999999999997,,43.294,-61.202,0.2839999999999989,-4.128,,,2.6470000000000002,2.5629999999999997,40.731,-14.977,29.920999999999996,-25.509,-61.202,0.0,MNKS.L,L,19.537,,,,,,,,,,,,,,,,,,,,,,,,,,,,,,,,,,,,,,,,,,,,,,,,
2019-10-31,3.219,52.337,,34.514,10.954,98.601,,,39.891,1995.725,,0.0,,,,0.461,,0.0,2.646,,1198.247,8.63571,2033.458,219.07386,37.733,101.247,138.492,1891.859,,141.599,2033.458,39.891,3.219,630.321,6.959,,218.88043,0.1313,31.221,,28.739,28.739,30.373,30.373,,1.634,,38.18,0.848,0.8480000000000008,,,,3.24,,-0.305,0.535,8.787,-2.174,,,-0.422,-1.498,5.242,8.595,30.373,-19.412,0.535,-4.049,MNKS.L,L,34.514,,,,,,,,,,,,,,,,,,,,,,,,,,,,,,,,,,,,,,,,,,,,,,,,
2019-04-30,7.617,48.007,,25.919,10.93,99.287,,,39.875,1979.78,,0.0,,,,,,0.0,11.339,,1150.472,8.52181,2013.316,218.59386,33.536,110.626,139.162,1862.815,,150.501,2013.316,39.875,7.617,653.406,6.422,,218.1095,0.98548,216.603,,214.943,214.943,215.762,215.762,,0.819,,223.025,0.841,0.8410000000000002,,,,2.794,,28.604,-11.079,0.7249999999999996,-3.8529999999999998,,,-0.81,23.078000000000003,5.526,17.439999999999998,215.762,-211.184,-11.079,0.0,MNKS.L,L,25.919,,,,,,,,,,,,,,,,,,,,,,,,,,,,,,,,,,,,,,,,,,,,,,,,
2019-12-31,40.8,,47.7,47.7,0.2,2.9,10.5,401.8,197.7,,,0.0,,7.7,-0.3,1.0,,0.0,97.5,140.6,361.5,-0.201,690.6,200.99736,148.2,108.1,212.5,361.4,59.7,329.2,690.6,209.6,40.8,,127.3,3.8,201.41394,0.13852,97.0,-3.4,23.9,23.9,28.7,32.4,-0.3,4.8,,224.3,58.2,64.60000000000001,2.6,3.8,-13.3,3.8000000000000003,6.4,-31.599999999999998,-24.900000000000002,61.3,15.499999999999996,9.700000000000001,-0.2999999999999998,-0.1,-25.7,2.4,4.7,28.700000000000003,3.6000000000000005,-11.600000000000001,-8.0,PLP.L,L,,,,0.0,,,,,,,,,,,,,,,,,,,,,,,,,,,,,,,,,,,,,,,,,,,,,
2019-06-30,57.7,,43.0,43.0,0.2,3.2,9.9,398.2,221.5,,,0.0,0.0,9.1,-0.2,1.3,,0.0,95.4,131.7,345.8,-0.27801,692.5,199.9963,162.6,107.7,234.2,342.6,61.9,349.9,692.5,231.0,57.7,,127.9,3.7,201.77339,0.12899,95.4,-3.5,25.7,25.7,31.4,35.2,-0.3,5.7,,223.3,56.1,60.19999999999999,0.4,3.7,-9.0,3.6,6.0,-10.2,-8.7,15.7,-33.8,10.1,-3.7,0.0,9.2,0.0,-3.2,31.4,4.3,0.3,-15.7,PLP.L,L,,,,-3.2,,,,,,,,,,,,,,,,,,,,,,,,,,,,,,,,,,,,,,,,,,,,,
2019-12-31,910.0,369.6,103.2,103.2,14.7,40.6,10.0,42.6,90.0,,,0.0,0.0,16.2,57.3,7.1,52.0,0.0,601.7,250.4,184.0,0.24714,1578.6,1467.19182,1013.2,658.5,318.0,625.6,,953.0,1578.6,277.4,910.0,,,,1479.1,0.04557,,-3.4,67.4,67.4,95.6,100.1,-1.1,28.2,,3104.7,,3004.6,0.0,3.1,-15.1,1,31.9,-56.1,-14.7,49.3,-85.9,29.0,-1,-5.0,65.9,0.6,-26.5,100.1,3.0,0.4,-121.6,HAS.L,L,,,,,,,,3004.6,,,,,,220.4,,,,,,,,,,,,,,,,,,,,,,,,,,,,,,,,,,,
2019-06-30,1030.9,369.6,129.7,129.7,14.7,,8.4,38.4,,,,0.0,,24.2,86.3,7.1,43.7,0.0,761.7,33.0,230.9,0.29884,1502.9,1458.66329,1160.6,785.9,0.0,701.5,,801.4,1502.9,0.0,1030.9,,,,1476.3,0.06421,,-0.7,76.5,76.5,108.6,109.6,-0.3,32.1,,3035.1,,2925.5,,1.8000000000000003,-17.7,1,43.7,-100.6,-17.4,130.10000000000002,-4.900000000000006,4.9,-1,0.09999999999999998,-85.0,1.5999999999999999,12.2,109.6,18.7,0.3,-16.19999999999999,HAS.L,L,,,,,,,,2925.5,,,,,,227.2,,,,,,,,,,,,,,,,,,,,,,,,,,,,,,,,,,,
2019-12-31,1019,65,778,778.0,345.0,81,108,300,529,764,207,0.0,0,761,46,396,341,262.0,,204,912.0,0.34783,4841.0,690.0,2197.0,2353.0,688.0,1368.0,101,3473.0,4841.0,607.0,1281.0,,3709,3,690.0,0.17681,207,-16,84.0,85.0,75.0,88.0,3,-10.0,,3916.0,,119.0,22,9,-46,18,0,-144.0,85,123.0,21.0,29,-18,-16,-82,-2,48.0,88,-24,131,-42,BBY.L,L,,9,112,,,-36,-1,130,,837,,674,,828,37,,,,,,,,,,,,,,,,,,,,,,,,,,,,,,,,,,
2019-06-28,1099,65,730,730.0,345.0,137,100,274,644,736,263,0.0,1,718,59,473,234,187.0,,269,755.0,0.06669,4820.0,689.73962,2140.0,2289.0,863.0,1224.0,94,3596.0,4820.0,726.0,1286.0,,3221,3,688.0,0.05233,176,-11,46.0,48.0,63.0,71.0,3,15.0,,3397.0,,105.0,-5,8,-36,18,1,-48.0,28,88.0,10.0,44,-22,1,-20,0,69.0,71,-45,64,-6,BBY.L,L,,8,112,,,-30,-2,137,,868,,566,,904,29,,,,,,,,,,,,,,,,,,,,,,,,,,,,,,,,,,
2019-12-31,426,0,34,220.0,53.0,,28,244,0,776,,0.0,,14,55,221,197,0.0,559,249,1634.0,0.4968,2753.0,1487.53508,,,307.0,1624.0,,1129.0,2753.0,307.0,426.0,,,42,1546.3,0.12803,,-7,195.0,195.0,197.0,210.0,-6,2.0,,586.0,363,376.0,3,44,-12,13,33,-291.0,-80,433.0,214.0,18,-11.0,1,-161,-47,63.0,195,-38,-68,-72,EMG.L,L,186,,,-118,,-25,,-7,,,,,,641,,,,,,,,,,,,,,,,,,,,,,,,,,,,,,,,,,,
2019-06-30,449,0,54,207.0,53.0,,28,285,150,776,,0.0,,23,51,151,201,0.0,585,261,1545.0,0.42594,2820.0,1530.74231,,,455.0,1578.0,,1242.0,2820.0,455.0,449.0,,,63,1540.7,0.06213,,-9,90.0,90.0,110.0,131.0,-12,20.0,,527.0,349,396.0,7,46,-11,12,10,-144.0,-12,5.0,-229.0,17,,-1,-10,-54,-152.0,90,81,-1,-80,EMG.L,L,153,,,-71,,-29,,6,,,,,,641,,,,,,,,,,,,,,,,,,,,,,,,,,,,,,,,,,,
2020-03-31,323,406,271,338.0,117.0,40,42,340,682,154,0,0.0,5,98,,220,35,10.0,370,1190,876.0,2.26088,2851.0,468.40167,1132.0,508.0,722.0,1399.0,456,1452.0,2851.0,682.0,333.0,,,,469.97698,0.26384,,2,114.0,114.0,132.0,130.0,,18.0,,1406.0,,1276.0,,17,-94,17,24,-149.0,-84,155.0,-58.0,58,,-12,-95,-14,-90.0,132,6,10,-40,TATE.L,L,,,2.394,,,,,1276,,,67.0,,,,,,,,,,,,,,,,,,,,,,,,,,,,,,,,,,,,,,
2019-09-30,315,406,361,361.0,117.0,256,35,348,538,159,1,0.0,36,116,,233,34,5.0,305,1189,855.0,2.19907,2861.0,468.37994,1130.0,677.0,794.0,1378.0,413,1483.0,2861.0,538.0,320.0,,,,471.22302,0.29073,,-2,131.0,131.0,164.0,166.0,,33.0,,1476.0,,1310.0,,18,-73,13,25,-124.0,-45,230.0,-40.0,79,,15,-19,-8,76.0,164,9,28,-97,TATE.L,L,,,2.394,,,,,1310,,,,,,,,,,,,,,,,,,,,,,,,,,,,,,,,,,,,,,,,,
2019-03-31,325,406,285,285.0,117.0,224,46,342,373,161,2,0.0,48,115,,204,210,4.0,342,982,966.0,2.45326,2793.0,467.54081,1096.0,681.0,597.0,1489.0,434,1304.0,2793.0,373.0,329.0,,,,473.48276,0.23021,,4,100.0,100.0,127.0,123.0,,27.0,,1372.0,,1249.0,,20,-68,17,36,-39.0,-81,119.0,-96.0,57,,2,2,-1,1.0,127,11,-13,-40,TATE.L,L,,,2.394,,,,,1249,,,,,,,,,,,,,,,,,,,,,,,,,,,,,,,,,,,,,,,,,
2020-06-30,,429.6,481.5,481.5,47.4,7.1,289.4,191.1,1273.9,1.5,,0.0,597.7,150.0,369.0,127.6,383.3,,1067.1,2155.0,997.2,3.41006,4733.4,396.91419,1754.3,1224.2,1306.5,1792.8,201.4,2940.6,4733.4,1299.4,473.7,,1804.1,95.7,396.7,0.1941,401.2,-25.3,-55.7,-55.7,-60.7,-31.9,-3.5,-5.0,,2205.3,26.2,433.0999999999999,115.0,,-58.5,27.3,31.6,-41.7,-55.1,167.9,-40.6,95.7,0.0,6.3,-4.0,0.0,77.4,-55.7,168.5,3.4,-37.7,DRX.L,L,,,,-50.4,,,,196.2,,,,,,248.2,,,,,,,,,,,,,,,,,,,,,,,,,,,,,,,,,,,
2019-12-31,,429.6,404.1,404.1,47.4,6.3,268.9,206.9,1245.2,3.0,,0.0,356.4,254.3,207.0,127.1,204.6,,1039.2,2358.8,1082.0,3.17799,4682.8,396.63444,1661.3,1299.8,1277.7,1715.6,292.0,2967.2,4682.8,1271.4,608.8,,1972.9,105.3,396.7,0.28712,503.4,-29.0,-3.4,-3.4,-6.3,25.2,-2.5,-2.9,,2476.3,5.5,478.1999999999998,144.4,,-103.7,40.1,2.3,55.200000000000045,-103.70000000000005,216.29999999999998,-114.3,105.30000000000001,-12.799999999999999,-8.0,92.5,0.8999999999999999,159.8,-3.4,228.70000000000002,0.0,-25.4,DRX.L,L,,,,-50.4,,,,223.0,,,,,,248.2,,,,,,,,,,,,,,,,,,,,,,,,,,,,,,,,,,,
2019-06-30,,428.8,244.3,244.3,47.3,4.5,332.4,216.5,1168.7,2.1,,0.0,539.8,107.2,368.7,94.5,376.8,,999.1,2339.0,1121.1,3.66175,4643.9,396.20425,1461.3,1110.8,1195.2,1915.5,287.9,2728.4,4643.9,1190.7,389.3,,1862.9,102.6,397.0,0.01864,363.7,-24.5,3.9,3.9,3.5,31.6,-3.6,-0.4,,2226.6,12.5,332.0999999999999,3.8,,-67.7,27.1,7.3,516.4,-759.4,197.1,6.0,102.6,-4.1,1.2,552.9,1.1,-44.7,3.9,84.6,-691.7,-33.5,DRX.L,L,,,,-50.4,,,,213.2,,,,,,248.2,,,,,,,,,,,,,,,,,,,,,,,,,,,,,,,,,,,
2019-12-31,33.6,193.0,54.5,54.5,5.6,0.0,1.2,,976.6,5175.6,,0.0,40.7,65.8,,5.2,253.5,4.399999999999999,,50.2,4222.6,39.55507,5633.1,111.77329,153.8,113.7,1036.1,4421.2,,1211.9,5633.1,1036.1,38.0,,25.5,,112.039,1.35486,94.1,-11.8,151.6,148.5,150.6,164.7,-2.3,2.1,,119.6,19.9,-70.6,0.0,,-0.3,-10.9,-1.7,-21.400000000000002,-9.799999999999997,54.199999999999996,66.80000000000001,,-1.5,,1.7999999999999972,3.0,23.000000000000004,,,-9.5,-24.699999999999996,DLN.L,L,,55.7,,,,-90.5,3.1,,,7.2,,40.7,-3.0,,20.6,53.2,,,,,,,,,,,,,,,,,,,,,,,,,,,,,,,,,
2019-06-30,29.7,190.1,31.5,31.5,5.6,2.3,1.2,,971.0,5181.8,,0.0,40.6,64.5,,4.0,138.6,3.900000000000002,,52.2,4095.2,38.42814,5501.6,111.66036,129.0,114.0,1035.0,4290.9,,1210.7,5501.6,1032.7,33.6,,22.2,,111.895,1.25184,88.5,-11.3,131.8,129.6,130.0,143.3,-2.0,0.4,,110.7,17.1,-54.8,7.8,,0.0,-7.9,-1.8,4.8,-34.5,42.9,52.6,,-10.2,,64.9,0.5,13.2,,,-34.5,-50.4,DLN.L,L,,58.8,,,,-79.7,2.2,,,3.1,,44.1,-2.6,,23.3,54.8,,,,,,,,,,,,,,,,,,,,,,,,,,,,,,,,,
2019-12-31,34.8,,11.2,11.2,27.2,1.6,5.5,46.4,52.5,,0.1,0.0,3.9,3.6,-0.2,1.3,1.8,2.0,25.2,35.9,111.7,2.006,233.4,19.2423,96.0,30.4,58.9,138.2,44.1,95.2,233.4,57.3,36.8,,55.0,,19.522,0.62494,46.0,-1.1,10.2,10.4,11.1,12.2,,0.7,6.7,101.0,27.1,33.8,,,-7.4,1.3000000000000003,1.9,-15.2,-7.600000000000001,23.6,4.1,6.6,-1.6,-0.4,-7.1000000000000005,0.2,0.39999999999999997,10.4,2.5,-0.2,-6.699999999999999,XPP.L,L,,0.7,,-0.5,,,-0.2,,,,,,,53.2,,,,,,,,,,,,,,,,,,,,,,,,,,,,,,,,,,,
2019-06-30,33.2,,10.8,10.8,27.2,1.9,5.4,46.6,61.2,,0.1,0.0,3.6,3.7,6.0,1.5,1.0,0.7999999999999972,22.4,36.9,104.2,1.91245,238.2,19.2423,99.6,28.0,66.9,137.4,51.2,100.8,238.2,65.0,34.0,,54.8,,19.504,0.63577,44.1,-1.6,10.3,10.4,12.9,14.5,,2.5,6.3,98.9,23.3,29.60000000000001,,,-8.9,1.4,2.6,-14.5,-8.7,22.6,2.0,6.1,-1.6,-0.1,-3.2,0.3,-0.7,10.4,4.1,0.2,-10.0,XPP.L,L,,0.9,,,,,-0.1,,,,,,,54.0,,,,,,,,,,,,,,,,,,,,,,,,,,,,,,,,,,,
2019-12-31,7.213,9.147,71.236,71.236,5.921,0.73,,0.104,114.157,822.316,,0.0,,6.418,1.897,2.581,2.7,0.0,,1.121,759.639,6.52913,913.058,118.42901,84.887,20.698,115.237,775.272,,137.786,913.058,114.507,7.213,,2.853,,118.19995,0.43847,68.064,-2.638,51.827,51.827,52.605,55.243,,0.778,,70.917,12.934,12.821,,0.047999999999999994,-0.022,2.6380000000000003,0.495,-11.36,-23.587000000000003,20.016,-1.4420000000000002,1.127,-3.815,-0.30000000000000004,,0.23299999999999998,-15.231000000000002,55.24300000000001,-34.96000000000001,-23.565000000000005,-7.7780000000000005,LWDB.L,L,,,,-1.332,,,,-0.113,,13.01,,0.54,,1.93,6.438,,,,,,,,,,,,,,,,,,,,,,,,,,,,,,,,,,
2019-06-30,6.866,8.916,86.467,86.467,5.919,,,0.135,114.135,761.784,,0.0,,5.381,2.123,3.241,2.969,0.0,,0.089,716.238,6.16461,866.802,118.38167,99.873,17.562,114.135,731.864,,134.938,866.802,114.135,6.866,,2.173,,118.16221,0.66107,93.675,-2.639,78.114,78.114,78.756,81.395,,0.642,,95.848,12.28,12.28,,0.056,-0.022,2.639,0.168,-18.265,-36.675,17.354,-1.561,0.029,-2.639,-0.095,,-0.354,-37.681,81.395,-62.565,-36.653,-15.272,LWDB.L,L,,,,-1.332,,,,,,11.525,,0.656,,1.952,6.54,,,,,,,,,,,,,,,,,,,,,,,,,,,,,,,,,,
2020-03-31,175.532,57.439,40.294,43.111,0.555,,6.44,37.922,,,,0.0,,1.579,,,,0.0,181.693,7.85,36.428,0.55865,284.041,55.51206,218.643,183.272,5.769,88.56,,195.481,284.041,5.769,175.532,,10.226,3.968,56.42889,0.18688,60.701,-0.124,5.388,5.388,7.205,7.329,,1.817,,70.927,41.733,53.372,6.897,,-0.174,,0.0,-8.493,3.367,17.651,17.651,,,,,-3.849,12.525,,,3.541,-4.872,LIO.L,L,,,,,,0.774,,,,,2.817,,,19.626,,,-5.862,,,,,,,,,,,,,,,,,,,,,,,,,,,,,,,,
2019-09-30,117.518,22.414,27.769,31.033,0.509,,1.882,10.497,,,,0.0,,,,0.0,,0.0,115.584,1.83,33.841,0.60589,172.75,50.91516,148.551,115.584,2.066,53.218,,119.532,172.75,2.066,117.518,,7.167,1.424,52.21207,0.16912,45.931,-0.006,7.576,7.576,9.303,9.309,,1.727,,53.098,34.149,36.622,1.54,,0.0,,0.0,-9.022,-0.028,1.268,1.268,,,,-0.228,1.282,-7.782,,,-0.028,-10.076,LIO.L,L,,,,,,-0.491,,,,,3.264,,,11.872,,,-3.546,,,,,,,,,,,,,,,,,,,,,,,,,,,,,,,,
2019-03-31,95.371,19.745,35.551,38.702,0.507,,1.62,11.505,,,,0.0,,1.166,,,,0.0,99.71,0.617,38.61,0.63463,158.067,50.72868,134.073,100.876,0.0,55.571,,102.496,158.067,0.0,95.371,,7.774,1.125,51.9108,0.27311,43.456,0.007,14.136,14.136,14.352,14.345,,0.216,,51.23,27.968,29.110999999999997,0.042,,-0.119,,2.4990000000000006,-2.912000000000001,0.001000000000000112,16.581,16.581,,,,,0.601,13.67,,,0.1200000000000001,-3.513,LIO.L,L,,,,,,-0.024,,,,,3.151,,,11.872,,,-3.291,,,,,,,,,,,,,,,,,,,,,,,,,,,,,,,,
2019-12-31,436.4,38.5,192.7,192.7,2.3,12.8,8.1,223.6,,90.7,8.4,0.0,,86.3,,25.6,,12.0,,79.5,356.0,3.80743,1395.5,45.48999,993.3,918.1,59.7,396.8,338.1,998.7,1395.5,46.9,448.4,,1472.5,1.0,46.1,0.91813,177.4,-1.5,42.9,42.9,53.1,54.6,,10.2,,1649.9,126.8,122.79999999999995,-0.6,1.0,-10.8,-0.09999999999999987,7.4,-22.9,-21.4,121.5,47.3,11.100000000000001,0.09999999999999987,,-9.2,-4.3,77.2,54.599999999999994,7.499999999999999,-10.6,-9.5,MGNS.L,L,,,,,,-4.4,,,,184.1,,634.9,,,14.1,,,,,,,,,,,,,,,,,,,,,,,,,,,,,,,,,,
2019-06-30,486.7,38.4,115.5,115.5,2.3,11.6,12.2,216.8,,84.9,11.0,1.6,,111.2,,41.8,0.0,9.900000000000034,,71.7,319.7,3.1578,1371.1,45.47474,986.7,912.6,57.3,360.4,355.6,1010.7,1371.1,44.1,496.6,,1267.4,0.8,46.9,0.53712,154.0,-1.2,28.3,28.3,35.5,36.7,,7.2,,1421.4,122.4,117.29999999999995,-3.8,0.8,-4.5,1.4,5.4,-35.1,6.0,-72.6,-122.0,10.2,-1.4,,-16.1,-2.3,-101.7,36.7,1.7,10.5,-15.3,MGNS.L,L,,,,,,-2.1,,,,211.1,,577.1,,,19.0,,,,,,,,,,,,,,,,,,,,,,,,,,,,,,,,,,
2020-06-30,50.3,204.9,12.5,12.5,0.1,,11.0,36.1,,11.2,,5.0,,0.0,,34.8,,0.0,54.7,45.0,-5.2,0.04137,302.1,536.666,71.5,59.7,5.0,196.6,,105.5,302.1,0.0,50.3,,60.7,,536.8,0.07563,122.5,-1.3,40.6,40.6,51.4,52.7,,10.8,,183.2,69.8,69.8,,7.9,-5.8,0.9,17.5,-43.1,-10.3,41.7,-21.5,2.2,-0.9,,4.1,-0.1,-11.7,40.6,12.5,-4.5,-46.2,MONY.L,L,,,,-3.2,,,,,,,,,,138.3,8.7,,,,,,,,,,,,,,,,,,,,,,,,,,,,,,,,,,
2019-12-31,47.4,204.7,24.2,24.2,0.1,,10.8,39.6,,5.8,,0.0,,6.7,,37.3,,0.0,52.2,44.7,-2.6,0.03988,306.3,536.57658,77.9,58.9,0.0,199.3,,107.0,306.3,0.0,47.4,,61.3,,536.3,0.08605,127.7,-1.3,44.7,44.7,55.6,56.9,,10.9,,189.0,70.8,70.8,,7.599999999999998,-7.3999999999999995,1.2,11.600000000000001,-43.2,-7.300000000000001,62.300000000000004,-5.400000000000002,2.3,-1.2,,-25.8,0.4,11.799999999999997,44.7,13.1,0.10000000000000009,-16.599999999999994,MONY.L,L,,,,-2.9,,,,,,,,,,138.3,6.3,,,,,,,,,,,,,,,,,,,,,,,,,,,,,,,,,,
2019-06-30,53.8,204.3,12.4,12.4,0.1,,10.3,43.1,,5.9,,25.0,,8.1,,33.4,,0.0,60.7,45.8,-31.5,-0.02165,307.3,535.77215,74.2,93.8,25.0,169.8,,137.5,307.3,0.0,53.8,,60.7,,537.1,0.09424,138.7,-1.0,50.2,50.2,60.4,61.4,,10.2,,199.4,77.3,77.3,,8.8,-7.04,0.2,8.9,-73.8,-9.47,43.61,-18.89,1.8400000000000003,-0.2,,10.0,-0.2,-39.66,43.540000000000006,8.32,-2.43,-83.4,MONY.L,L,,,,-3.1,,,,,,,,,,138.3,8.0,,,,,,,,,,,,,,,,,,,,,,,,,,,,,,,,,,
2020-02-29,3.825,51.98,39.25,39.25,12.498,,,,79.55,812.016,,0.0,,,,,,0.0,,,703.395,15.7255,855.091,48.82979,43.075,7.668,79.55,767.873,,87.218,855.091,79.55,3.825,,3.638,,48.20124,1.01014,49.09,,48.69,48.69,48.715,48.715,,0.025,,52.728,0.389,0.375,,,,1.026,0.0040000000000000036,38.692,,-14.958,-20.673000000000002,,-1.2050000000000003,-0.001,30.0,16.025,23.732999999999997,48.715,-43.0,,-6.128,BRSC.L,L,,,,,,,,-0.014,,7.668,,,,,,,,,,,,,,,,,,,,,,,,,,,,,,,,,,,,,,,
2019-08-31,1.693,38.952,15.522,15.522,12.498,10.0,,,39.712,743.706,,0.005,,,,,,0.0,,,657.836,14.81389,760.921,47.87979,17.215,11.923,49.717,709.286,,51.635,760.921,39.712,1.693,,3.331,,47.87979,0.92711,44.814,,44.39,44.39,44.423,44.423,,0.033,,48.145,0.391,0.391,,,,1.003,0.054,-2.696,,6.494,-2.694,,-1.003,0.0,7.5,,3.798,44.423,-35.235,,-9.193,BRSC.L,L,,,,,,,,,,1.918,,,,,,,,,,,,,,,,,,,,,,,,,,,,,,,,,,,,,,,
2019-02-28,2.379,38.952,11.719,11.719,12.498,0.0,,,42.198,707.15,,0.0,,,,,,0.0,,,622.639,14.07878,721.248,47.87979,14.098,4.961,42.198,674.089,,47.159,721.248,42.198,2.379,,3.269,,47.87979,-2.03808,-97.264,,-97.583,-97.583,-97.563,-97.563,,0.02,,-93.995,0.299,0.29899999999999993,,,,1.138,-0.007999999999999993,-39.384,,31.539,26.674,,-1.138,0.008,-32.5,,-7.837,-97.563,102.428,,-5.746,BRSC.L,L,,,,,,,,,,4.961,,,,,,,,,,,,,,,,,,,,,,,,,,,,,,,,,,,,,,,
2019-12-31,0.578,151.85,8.601,8.601,14.082,,,,38.685,1086.584,,0.0,0.008,0.29,,,,0.0,,,890.864,5.04849,1095.771,209.32906,9.187,0.29,38.685,1056.796,,38.975,1095.771,38.685,0.578,,0.222,,211.30857,0.26209,56.982,,55.382,55.382,56.613,56.613,,1.231,,57.204,0.369,0.369,,,,0.066,0.0,9.872,-25.372999999999998,5.893000000000001,5.893000000000001,,,0,40.056,-24.886999999999997,-9.607999999999999,,,-25.372999999999998,-5.297000000000001,JAM.L,L,,,,,,,,,,,,,,,,,,,,,,,,,,,,,,,,,,,,,,,,,,,,,,,,,
2019-06-30,5.974,151.85,18.209,18.209,14.082,,,,0.0,1015.304,,0.0,0.0,8.345,,,,0.0,,,865.21,4.80812,1039.487,214.45844,24.183,8.345,0.0,1031.142,,8.345,1039.487,0.0,5.974,,1.194,,216.52149,0.63903,140.321,,138.363,138.363,139.993,139.993,,1.63,,141.515,0.328,0.32800000000000007,,,,0.03,-0.009,-26.341,27.269,9.362,9.362,,,0,0.0,-17.684,10.29,,,27.269,-8.657,JAM.L,L,,,,,,,,,,,,,,,,,,,,,,,,,,,,,,,,,,,,,,,,,,,,,,,,,
2020-06-30,481.3,582.3,356.7,356.7,32.5,153.7,30.2,1657.7,1369.7,38.6,83.0,0.0,21.3,66.3,52.4,252.5,84.6,22.899999999999977,543.0,585.2,931.4,-0.22996,4023.9,259.61205,1574.8,763.0,1523.4,1598.0,692.6,2425.9,4023.9,1369.7,504.2,,734.0,27.8,261.7,0.27895,360.8,-24.8,45.7,45.8,62.5,87.3,,16.7,,1094.8,235.2,273.5,17.8,27.8,-40.7,25.6,26.4,-26.4,-40.9,144.2,-35.0,51.6,-26.9,7.5,4.8,-4.3,84.4,87.3,12.5,-0.2,0.0,WEIR.L,L,,10.5,,-0.6,,-3.0,-0.1,-4.3,,,,,,,,,,,,,,,,,,,,,,,,,,,,,,,,,,,,,,,,,
2019-12-31,557.9,582.3,273.8,273.8,32.5,534.1,29.0,1573.0,896.2,36.6,77.1,0.0,16.5,89.6,-26.0,200.3,65.6,37.60000000000002,589.6,571.2,923.7,-0.23496,3852.2,259.61352,1528.7,1213.3,1430.3,1512.0,642.9,2340.2,3852.2,896.2,595.5,,894.0,39.4,259.3,0.94408,438.5,-24.6,-432.7,-431.2,-477.5,-452.9,,-46.3,,1332.5,271.4,891.4000000000001,593.4,39.4,-56.699999999999996,22.299999999999997,51.800000000000004,-427.20000000000005,-55.099999999999994,279.3,67.0,50.8,-40.900000000000006,-22.9,-343.1,-0.40000000000000036,-225.9,-452.9,575.0,1.6000000000000227,-42.8,WEIR.L,L,,1.4,,-0.5,,-3.1,-0.2,-9.7,,,,,,,,,,,,,,,,,,,,,,,,,,,,,,,,,,,,,,,,,
2019-06-30,623.7,582.3,499.0,499.0,32.5,337.7,79.3,2144.9,1477.4,38.5,78.8,0.0,28.6,84.6,94.2,217.6,27.5,20.09999999999991,535.3,626.5,1393.0,-0.17142,4833.7,259.60205,1917.5,957.6,1815.1,2100.4,746.1,2733.3,4833.7,1477.4,643.8,,893.7,38.9,261.5,0.34226,435.7,-25.0,52.8,77.8,105.7,130.7,,27.9,,1329.4,271.5,305.0,2.6,38.9,-59.9,25.0,38.4,32.6,201.6,-15.8,-225.5,54.0,-68.6,2.4,189.7,-9.6,220.8,130.7,-13.9,261.5,-78.9,WEIR.L,L,,1.4,,-1.6,,-3.1,-0.3,-4.9,,,,,,,,,,,,,,,,,,,,,,,,,,,,,,,,,,,,,,,,,
2019-12-31,12.149,27.792,,70.884,0.863,,,,302.199,24.357,912.091,0.0,7.556,4.565,,,,0.0,,,689.59,9.65353,1040.932,74.40229,104.484,20.488,302.199,718.245,,322.687,1040.932,302.199,12.149,,3.628,,73.90821,0.33704,40.929,-6.543,18.189,18.189,18.189,24.732,,0.0,,44.557,3.324,16.197,6.721,,,,,-131.702,89.129,62.745000000000005,39.056,,0.379,,-109.84899999999999,-4.313000000000001,20.172000000000004,18.189,5.5,89.129,-17.919000000000004,PSSL.L,L,70.884,,,,,,,6.152,,,,15.923,,,13.895,,,,,,,,,,,,,,,,,,,,,,,,,,,,,,,,,,
2019-06-30,33.46,27.792,,50.712,0.863,,,,411.189,35.509,1001.815,0.0,17.358,1.287,,1.233,,0.0,,,693.633,9.64126,1150.944,74.91637,113.62,16.234,411.189,722.288,,428.656,1150.944,411.189,33.46,,3.64,,74.91637,0.37263,46.571,-8.148,16.634,16.634,16.634,24.782,,0.0,,50.211,3.217,21.788999999999998,11.282,,,,,5.894,-54.014,-7.526,-35.442,,,,33.689,-9.703,-55.646,16.634,11.282,-54.014,-18.092,PSSL.L,L,50.712,,,,,,,7.29,,0.009,,14.938,,,12.09,,,,,,,,,,,,,,,,,,,,,,,,,,,,,,,,,,
2020-03-31,137.4,103.7,,6.9,1.2,21.3,2.6,15.8,16.7,,87.9,0.0,0,87.8,-9.7,10.2,5.1,1.0,,94.0,-14.5,0.07679,449.0,477.93895,218.0,271.8,106.0,80.7,72.7,368.3,449.0,84.7,138.4,,474.4,,480.40731,0.01493,101.7,1.3,6.5,6.2,7.4,6.8,-0.7,1.2,,576.1,95.6,94.89999999999998,,,-2.0999999999999996,4.3,0.0,-15.5,-1.6000000000000005,0.40000000000000036,-18.4,11.000000000000002,-4.699999999999999,0.1,-10.8,,-16.6,6.199999999999999,1.5999999999999996,0.5,,AO..L,L,6.9,-1.0,,,,,0.3,-0.7,,139.6,,23.1,,28.2,,,,,,,,,,,,,,,,,,,,,,,,,,,,,,,,,,,
2019-09-30,128.4,103.7,,23.4,1.2,24.8,2.3,16.2,22.0,,78.4,0.0,0,67.1,-8.2,13.4,5.3,1.299999999999983,,90.1,-21.9,0.06382,439.9,477.93895,221.8,268.8,106.1,74.8,68.7,365.1,439.9,81.3,129.7,,393.5,,474.23294,-0.0082,76.6,2.2,-4.8,-4.8,-5.9,-10.6,2.5,-1.1,,470.1,87.7,87.19999999999999,,,-5.9,0.9,-0.2,-12.7,-6.3,13.7,13.2,10.1,-0.9,-0.2,-11.8,,-5.5,-4.8,-4.8,-0.4,,AO..L,L,23.4,-0.7,,,,,0.0,-0.5,,152.8,,24.1,,28.1,,,,,,,,,,,,,,,,,,,,,,,,,,,,,,,,,,,
2019-03-31,118.7,103.7,,28.9,1.2,23.7,2.7,16.9,25.7,,79.4,0.0,0,74.3,-4.2,12.5,5.3,0.5999999999999943,0.1,89.7,-18.0,0.07989,443.9,471.88358,224.5,258.2,112.4,82.7,76.3,361.2,443.9,88.7,119.3,,417.1,,467.51855,-0.00902,81.2,-6.6,-7.4,-7.1,-8.6,-3.5,1.5,-1.5,,498.3,85.4,84.69999999999999,,,-3.5,0.4,-0.6000000000000001,12.5,-9.3,-15.4,-24.6,9.8,-0.4,0.0,12.9,,-12.200000000000001,-7.700000000000001,7.1,-5.8,,AO..L,L,28.9,-0.9,,,,,-0.3,-0.7,,142.2,,17.9,,28.1,,,,,,,,,,,,,,,,,,,,,,,,,,,,,,,,,,,
2019-12-31,63.227,194.774,,189.289,10.186,,,,,788.013,,0.0,,,,,,0.0,,,834.338,2.5509,1040.529,407.42481,252.516,1.231,0.0,1039.298,,1.231,1040.529,0.0,63.227,,,,373.934,0.15861,,,59.31,59.31,59.39,59.39,,0.08,,60.961,1.869,1.571,,,,,-0.024,4.435000000000002,1.9649999999999963,-5.051,-9.207,,-0.42200000000000015,,,12.104,1.3490000000000002,59.09200000000001,-54.93599999999999,1.9649999999999963,-7.247,HGT.L,L,4.558,,,,,-0.298,,,,,184.731,1.231,,,,,,,,,,,,,,,,,,,,,,,,,,,,,,,,,,,,,
2019-06-30,45.618,182.791,,158.791,10.065,,,,,772.073,,0.0,,,,,,0.0,,,782.275,2.42209,976.482,402.59981,204.409,1.351,0.0,975.131,,1.351,976.482,0.0,45.618,,,,402.6,0.29355,,,118.184,118.184,118.184,118.184,,0.0,,120.656,1.419,2.472,,,,,0.0,50.907,-51.528,0.394,-8.258,,-1.053,,,63.157,-0.227,119.237,-110.585,-51.528,-11.197,HGT.L,L,3.209,,,,,1.053,,,,,155.582,1.351,,,,,,,,,,,,,,,,,,,,,,,,,,,,,,,,,,,,,
2020-03-31,19.1,595.5,18.5,18.5,241.3,11.1,,,830.5,2139.2,,0.0,20.7,22.8,,4.8,0.5,0.0,,11.3,465.6,0.53969,2209.3,2413.24183,58.3,66.1,847.1,1302.4,,906.9,2209.3,836.0,19.1,,3.7,,2416.26818,0.01759,53.1,,42.5,42.5,42.5,42.5,,0.0,,56.8,5.1,10.600000000000001,,,,7.100000000000001,,61.599999999999994,-111.79999999999998,42.099999999999994,-7.0,,-0.19999999999999998,,90.0,,-8.100000000000001,,49.1,-111.79999999999998,-28.200000000000003,AGR.L,L,,,,,,13.3,,-7.8,,32.2,,,,,,,,,,,,,,,,,,,,,,,,,,,,,,,,,,,,,,,
2019-09-30,15.6,591.1,26.6,26.6,240.6,11.0,,,739.9,2038.7,,0.0,1.3,21.4,,5.0,0.5,0.0,,10.9,456.2,0.53527,2093.6,2406.06806,43.5,55.2,756.5,1287.9,,805.7,2093.6,745.5,15.6,,4.1,,2403.46374,0.01514,50.6,,36.4,36.4,36.4,36.4,,0.0,,54.7,5.0,14.200000000000001,,,,16.7,,38.5,-54.4,24.2,-16.7,,-0.1,,67.0,,8.3,,40.9,-54.4,-28.4,AGR.L,L,,,,,,11.1,,-1.9,,22.8,,,,,,,,,,,,,,,,,,,,,,,,,,,,,,,,,,,,,,,
2019-03-31,14.7,587.4,18.3,18.3,239.8,11.0,,,672.3,1978.8,,0.0,17.6,21.3,,5.3,0.5,0.0,,0.2,452.7,0.53365,2030.1,2398.3718,50.6,69.8,686.1,1279.9,,750.2,2030.1,675.1,14.7,,5.5,,2396.24077,0.01945,49.0,,46.6,46.6,46.6,46.6,,0.0,,54.5,4.7,2.4000000000000004,0.0,,,8.5,,1.200000000000017,-120.89999999999999,40.10000000000001,-8.5,,0.0,,30.099999999999994,0.0,-79.60000000000001,,48.599999999999994,-120.89999999999999,-28.9,AGR.L,L,,,,,,12.2,,-14.5,,37.5,,,,,,,,,,,,,,,,,,,,,,,,,,,,,,,,,,,,,,,
2019-12-31,13.142,4.685,,100.299,10.867,4.727,53.209,484.524,530.319,,5.216,0.0,6.324,46.99,13.729,22.724,,35.712,,31.624,435.41,-5.00658,1211.492,108.66525,165.92,122.642,552.953,464.691,,746.801,1211.492,548.226,48.854,,24.444,24.563,109.059,0.032,128.661,-5.105,0.599,0.599,2.211,7.316,,1.612,,153.105,92.334,121.34499999999998,4.448,,-6.139000000000001,6.413,-1.1669999999999998,-7.348000000000013,-6.138999999999982,20.64999999999999,-17.47,24.563000000000002,-6.413,-4.76,-2.205999999999989,1.2710000000000001,2.4030000000000005,0.5990000000000002,12.681999999999999,0.0,,GYS.L,L,100.299,,,,,,,0,,21.562,,49.363,,524.208,10.443,,,,,,,,,,,,,,,,,,,,,,,,,,,,,,,,,,
2019-09-30,6.118,3.439,,97.896,10.843,4.579,0.877,694.557,541.843,,5.252,0.0,16.577,57.413,16.967,13.583,,38.379,77.74,26.84,434.57,-4.63743,1174.998,108.42481,174.274,140.166,559.132,465.819,,709.179,1174.998,554.553,44.497,,12.431,12.592,75.877,0.0815,80.016,-6.135,3.366,3.366,3.63,9.765,,0.264,,92.447,54.62,70.251,3.039,,-5.2509999999999994,4.981,0.0,163.64600000000002,-198.977,18.283,-4.62,12.591999999999999,-9.598,0.823,172.767,0.47699999999999987,-16.225,3.3659999999999997,7.0390000000000015,-193.726,,GYS.L,L,97.896,,,,,,,0,,,,0.434,,274.075,15.304,,,,,,,,,,,,,,,-0.09400000000000003,,,,,,,,,,,,,,,,,,,
2019-06-30,17.954,2.991,,114.121,7.448,1.555,0.999,205.228,371.667,,5.0,0.0,13.519,42.944,22.319,1.009,,26.643,,10.034,190.383,-3.44022,670.963,74.47368,176.582,69.769,377.6,223.141,,447.822,670.963,376.045,44.597,,12.317,11.379,74.471,0.06006,73.917,-4.592,-2.075,-2.733,-2.17,2.422,,0.563,,86.234,49.03,71.495,11.086,,-3.511,4.572,3.467,-6.67,-3.5109999999999992,15.52,0.9849999999999994,11.378999999999998,-6.572,2.636,-0.354,0.256,7.974999999999998,-2.075,5.322,0.0,,GYS.L,L,114.121,,,,,,,0,,15.793,,9.477,,274.119,4.345,,,,,,,,,,,,,,,-0.091,,,,,,,,,,,,,,,,,,,
2019-12-31,,99.251,44.723,44.723,50.018,50.5,,,220.196,2276.623,,0.0,,,1768.281,0.653,,,6.641,0.49,133.556,2.36854,2329.096,865.97844,51.983,57.141,270.696,2051.106,,277.99,2329.096,220.196,7.26,,9.75,,870.62836,0.15455,139.361,,134.556,134.556,136.227,136.227,,1.671,,149.111,,3.1340000000000003,,,,4.127,1.9830000000000003,-46.693999999999996,22.435000000000002,18.872999999999998,27.236000000000004,,-4.127,-1.29,10.096,-32.229,-6.675999999999998,,-8.363,22.435000000000002,-20.433999999999997,WTAN.L,L,,,,,,,,3.134,,,,,,,,,,,,,,,,,,,,,,,,,,,,,,,,,,,,,,,,,
2019-06-30,,99.251,51.399,51.399,50.018,90.0,,,170.449,2178.439,,0.0,,,1687.194,0.197,,,12.001,,131.5,2.23565,2240.61,880.26528,62.171,102.001,260.449,1967.963,,272.647,2240.61,170.449,10.772,,10.618,,886.38967,0.27219,246.633,,241.267,241.267,242.993,242.993,,1.726,,257.251,,3.639999999999999,,,,4.239,1.511,-40.665,-7.372,27.533,34.348,,-4.239,-0.343,9.0,-21.283,-20.847,,-6.815,-7.372,-24.143,WTAN.L,L,,,,,,,,3.64,,,,,,,,,,,,,,,,,,,,,,,,,,,,,,,,,,,,,,,,,
2019-12-31,,45.7,,61.1,156.8,50,,,166.4,3122.2,,0.0,50.4,61.5,,9.3,3.2,,,24.2,2929.6,20.05508,3433.3,156.84807,283.7,111.5,216.9,3145.6,,287.7,3433.3,166.9,172.2,13.5,11.3,,155.0,0.62387,113.9,,96.7,96.7,97.1,97.1,,0.4,,125.2,,16.8,,,0.0,11.299999999999999,,-151.29999999999998,0.0,-18.80000000000001,-11.299999999999999,,,-7.0,-125,0.0,-177.10000000000002,-7.5,,0,-26.3,RCP.L,L,61.1,,,,,,,16.8,,,,,,,,,,,,,,,,,,,,,,,,,,,,,,,,,,,,,,,,,
2019-06-30,,17.3,,238.2,155.4,175,,,165.0,2942.3,,0.0,27.4,70.0,,3.4,8.4,,,25.4,2858.0,19.59653,3459.2,155.4,483.1,245.0,340.5,3045.3,,413.9,3459.2,165.5,217.5,14.6,9.1,,155.0,1.58452,259.0,,245.6,245.6,245.8,245.8,,0.2,,268.1,,13.200000000000001,,,-0.2,9.1,,-133.4,-0.2,154.3,-9.1,,,6.6,-100,-7.1,27.3,163.4,,0,-26.3,RCP.L,L,238.2,,,,,,,13.2,,,,,,,,,,,,,,,,,,,,,,,,,,,,,,,,,,,,,,,,,
2020-06-30,,,37.254,,0.25,,,,,249.538,,0.0,,0.298,-1.061,,0.082,,,4.789,272.581,0.46196,580.058,250.0,,,0.32,271.77,,308.288,580.058,0.32,,,,0.023,251.62192,0.0894,,,22.495,22.495,27.75,27.75,,5.255,,,3.726,60.728,0.0,,0.0,,,-20.316,0.0,25.779,25.779,,,,-0.126,0.0,5.463,,,,-20.19,SBRE.L,L,,,,,,0.007,,7.532,,,,1.968,,156.279,,,,,,,41.391,90.725,305.702,,49.44,0.768,,84.20159999999998,,,,,,,,,,,,,,,,,,,,,
2019-12-31,,,31.791,,0.25,0.194,,,,263.629,,0.0,,4.884,-1.061,,0.21,,,4.757,268.228,0.44455,598.22,250.0,,,0.194,267.417,,330.803,598.22,0.0,,,,0.023,250.21674,0.08412,,,21.048,21.048,26.007,26.007,,4.959,,,1.896,68.397,,,-0.224,,,-12.331999999999994,-0.224,25.700000000000003,25.700000000000003,,,,-0.11599999999999999,-0.506,13.144,,,,-11.709999999999997,SBRE.L,L,,,,,,0.018,,4.029,,,,1.206,,156.279,,,,,,,37.785,103.769,324.519,,62.431,3.645,-3.452,90.44256,,,,,,,,,,,,,,,,,,,,,
2019-06-30,,,18.646,,0.249,,,,,278.36,,0.0,,5.741,-0.418,,0.327,,,4.748,258.356,0.40763,588.649,250.0,,,0.31,258.187,,330.462,588.649,0.31,,,,0.022,251.66327,0.098,,,24.663,24.663,30.472,30.472,,5.809,,,4.083,63.432,0.0,,-0.141,,,-32.462,-0.141,28.427,28.427,,,,-0.13,-0.419,-4.176,,,,-31.913,SBRE.L,L,,,,,,,,4.027,,,,3.722,,156.279,,,,,,,44.375,85.914,320.689,,55.3,4.495,-4.951,90.5856,,,,,,,,,,,,,,,,,,,,,
2020-04-30,744.9,46.7,808.1,808.1,47.2,82.2,878.4,5586.1,4686.0,,,169.4,21.1,1192.9,-534.6,522.6,101.4,44.89999999999998,501.6,314.0,5443.6,-18.54417,13219.9,333.38242,1619.3,1946.1,5120.1,5002.9,0.3,8217.0,13219.9,4868.5,789.8,,349.7,,333.8,0.14919,1104.5,-129.3,-1032.1,-1029.3,-1036.0,-906.7,,-6.7,242.9,1454.2,719.9,2011.2,1048.4,340.4,-42.6,106.6,65.5,115.1,-39.7,388.3,-73.1,61.1,-21.8,-11.3,134.2,2.7,452.4,-906.7,966.6,2.9,0.0,MCRO.L,L,,1.4,,,,,-0.1,,,,,,,5599.1,,,,,,,,,,,,,,,,,,,,,,,,,,,,,,,,,,,
2019-10-31,891.8,44.0,355.7,355.7,47.2,11.8,987.1,5942.3,4670.7,,,0.0,19.3,1179.2,-291.7,547.0,92.6,127.30000000000007,,140.5,6475.5,-19.013,14294.8,333.38242,1448.1,1802.0,4694.2,6275.0,0.1,8019.8,14294.8,4682.4,1019.1,,380.2,240.1,410.58858,0.53947,1311.1,-96.8,71.7,60.2,65.5,189.1,-26.8,5.3,242.6,1691.3,506.5,1122.0,132.8,360.2,-49.699999999999996,109.39999999999999,392.9,-2211.2000000000003,-292.5,195.99999999999994,-406.20000000000005,33.7,-1801.0,-2.8,-12.900000000000006,-198.8,-2310.5,-50.7,259.0,-242.80000000000018,-198.5,MCRO.L,L,,1.3,,,,,-0.3,,,105.0,0.0,506.0,,6671.3,53.9,,,,,,,,,,,,,,,,,,,,,,,,,,,,,,,,,,
2019-04-30,800.7,41.5,2666.2,2678.6,47.2,12.1,1077.4,6352.9,4649.2,17.4,,0.0,13.4,3307.6,-2.5,492.7,90.3,63.799999999999955,,136.3,6818.4,-18.31604,17065.4,343.2783,3629.3,3928.1,4673.7,6904.6,0.1,10160.8,17065.4,4661.6,864.5,,397.1,249.6,345.61142,0.32464,1260.0,-104.4,1397.1,-78.3,-99.6,32.6,-27.8,-21.3,249.1,1657.1,567.3,1227.4,161.4,356.3,-35.9,117.7,39.1,-796.1,2374.6,465.8,-109.5,32.8,0.0,1.0,-212.6,-342.8,2045.3,32.6,153.6,2410.5,-240.7,MCRO.L,L,,1.0,,,,,0.0,,,66.0,12.4,542.4,,6839.2,72.7,,,,,,,,,,,,,,,,,,,,,,,,,,,,,,,,,,
2020-03-31,0.1,936.7,0.6,0.6,0.2,,,,,2837.9,,0.0,,,,,,0.0,,,1901.1,1.52282,2838.6,1863.64277,0.7,0.6,0.0,2838.0,,0.6,2838.6,0.0,0.1,,0.0,,1836.1,-0.01623,-29.0,,-29.8,-29.8,-29.8,-29.8,,,,-29.0,0.8,0.8,,,,,,40.599999999999994,-113.0,71.50000000000001,72.30000000000001,,,,,115.9,-0.9,-29.799999999999997,28.999999999999993,-113.0,-75.30000000000001,HICL.L,L,,,,,,,,,,0.6,,,,,,,,,,,,,,,,,,,,,,,,,,,,,,,,,,,,,,,
2019-09-30,0.1,820.7,1.5,1.5,0.2,,,,,2826.2,,0.0,,,,,,0.0,,,2006.2,1.57838,2827.8,1791.14277,1.6,0.7,0.0,2827.1,,0.7,2827.8,0.0,0.1,,0.1,,1791.1,0.04427,80.5,,79.3,79.3,79.3,79.3,,,,80.6,1.2,1.2,,,,,,-73.8,,75.3,76.6,,,,,-0.7,1.5,79.3,-80.6,,-73.1,HICL.L,L,,,,,,,,,,0.7,,,,,,,,,,,,,,,,,,,,,,,,,,,,,,,,,,,,,,,
2019-03-31,,0.0,0.0,2000.1,0.1,,,,,0.0,,0.0,,,,,,,,,2000.0,1.11666,2000.1,1791.14277,2000.1,0.0,0.0,2000.1,,0.0,2000.1,0.0,,,0.0,,1790.2,0.05184,96.5,,92.8,92.8,92.8,92.8,,,,96.5,3.7,3.7,,,,,,-70.30000000000001,-1.7000000000000002,74.29999999999998,77.99999999999999,,,,,0.0,2.3,92.79999999999998,-96.49999999999997,-1.7000000000000002,-70.3,HICL.L,L,,,,,,,,,,0.0,2000.1,,,,,,,,,,,,,,,,,,,,,,,,,,,,,,,,,,,,,,
2020-03-31,,5.722,131.668,136.762,3.313,2.379,0.528,12.951,,,2.242,0.0,15410.189,15419.93,-0.175,89.798,60.97,,,7.048,111.789,0.32343,15646.35,331.32201,15563.139,15431.108,7.186,120.109,,15526.241,15646.35,4.807,3.232,,3.882,1.2,331.3,0.06799,49.942,0.09,22.489,22.489,3.026,2.936,,-19.463,,53.824,21.437,47.006,0.057,,-0.314,0.126,8.099,-19.577,-1.154,20.229,15.229,1.25,-0.986,-0.17,-1.111,-0.265,-0.672,3.026,0.724,-0.84,-17.215,IHP.L,L,,,,-0.54,,,,24.312,,2.188,5.094,6.611,,,12.956,,,,,,,,,,,,,,,,,,,,,,,,,,,,,,,,,,
2019-09-30,6.51,5.722,132.34,137.406,3.313,,13.248,12.951,,,1.185,0.0,16665.048,16668.39,-0.044,75.007,50.6,0.0,17.024,2.405,106.802,0.30957,16889.187,331.32201,16822.046,16685.414,0.0,115.518,,16773.669,16889.187,0.0,6.51,,0.539,0.369,331.3,0.06626,51.011,0.171,21.953,21.953,38.736,38.565,,16.783,,51.55,24.289,12.446,0.001,,-0.672,,17.837,-9.11,-0.498,30.101000000000003,-9.511999999999999,0.37200000000000005,-0.32899999999999996,0.005000000000000001,,-0.17100000000000004,20.497999999999998,38.736000000000004,0.505,0.174,-8.61,IHP.L,L,,,,-0.275,,,,-12.213,,,5.066,,,,13.082,,,,,,,,,,,,,,,,,,,,,,,,,,,,,,,,,,
2019-03-31,8.43,5.722,111.842,118.074,3.313,,7.477,12.956,,,1.189,0.0,15087.753,15092.149,-0.049,74.629,48.418,0.0,14.446,2.1,93.112,0.26874,15290.695,331.32201,15226.032,15106.595,0.0,101.994,,15188.701,15290.695,0.0,8.43,,2.956,0.3,331.3,0.05495,44.659,0.174,18.194,18.194,17.337,17.163,,-0.857,,47.615,22.079,27.496000000000002,0.019,,-0.574,,-2.058,-21.678,-0.4,17.096,-0.925,0.297,-0.377,-0.025,,-0.104,-5.007,17.337,0.387,0.174,-21.197,IHP.L,L,,,,-0.104,,,,5.098,,,6.232,,,,11.775,,,,,,,,,,,,,,,,,,,,,,,,,,,,,,,,,,
2019-12-31,7.12405,,1222.84659,1222.84659,5568.36054,,13.50885,,1575.24846,5734.33603,,0.0,,0.0,,7.60742,,114.9755,,,80.07398,26.28556,7210.14296,211.83801,,,1575.24846,5568.28091,,1641.86205,7210.14296,1575.24846,122.09955,,117.4981,,212.19323,1.90529,439.2654,,416.01898,416.01898,438.41709,438.41708,,22.3981,,556.7635,,0.8483200000000011,,,,27.67179,,188.02817,,415.22035000000005,-24.00994,,-5.14076,,400.0,-163.40706999999998,603.24852,416.01898000000006,9.702459999999974,,-43.42400000000001,PSH.L,L,,,,-80.15361,,,,0.84832,-11.72924,45.49732,,,,,,,,,,,,130.8608,,,,,,,,13.50885,,,,,,,,,,,,,,,,,,,
2019-06-30,6.41357,,619.59806,619.59806,5678.77566,,,,1146.51014,5767.40718,,0.0,,121.09541,,5.12429,,138.9839,,,-281.82337,24.38849,6664.91169,220.95219,,,1146.51014,5388.69057,,1276.22113,6664.91169,1146.51014,145.39747,,59.60379,,216.61276,7.81741,1743.55546,,1733.05264,1733.05264,1742.87739,1742.87739,,9.82475,,1803.15925,,0.6780700000000053,,,,28.09841,,-49.22088,,467.57277,264.55933,,,,,-4.89867,418.35189,1733.05264,-1530.0392,,-44.32221,PSH.L,L,,,,-8.26173,,,,0.67807,-39.70107,3.4913,,,,,,,,,,,,132.50898,,,,,,,,,,,,,,,,,,,,,,,,,,,
2020-01-31,266.422,4.979,,49.433,0.099,2.338,,0.701,,,,0.0,7.107,10.405,,,2.759,8.421999999999969,188.322,12.73,93.139,0.49104,368.356,198.59148,352.166,264.885,7.592,98.217,16.381,270.139,368.356,5.254,274.844,,412.476,,199.048,0.16597,111.672,0.045,33.036,33.036,40.523,40.478,,7.487,,524.148,71.194,71.19400000000002,,0.069,-2.014,0.109,17.47,-52.932,-1.86,24.962,-17.836,1.539,-0.109,,-0.485,0,-29.83,40.478,0.712,0.154,-52.338,SCT.L,L,49.433,,,,,,,,,,,63.82,-0.879,,4.401,7.024,,,,,,,,,,,,,,,,,,,,,,,,,,,,,,,,,
2019-07-31,270.086,4.979,,79.263,0.099,,,0.24,,,,0.0,8.921,24.28,,,2.485,1.9389999999999645,185.384,5.761,110.314,0.58084,384.14,198.25049,375.654,268.748,0.0,115.392,11.084,268.748,384.14,0.0,272.025,,441.408,,198.926,0.20616,116.471,0.223,41.011,41.011,50.855,50.632,,9.844,,557.879,65.839,65.839,,0.124,-1.0090000000000001,,7.677,-8.921,-0.786,36.196000000000005,-16.134,0.6289999999999999,0.0,,,0,26.488999999999997,50.632000000000005,0.9450000000000001,0.22300000000000003,-8.921,SCT.L,L,79.263,,,,,,,,,,,59.084,,,4.361,,,,,,,,,,,,,,,,,,,,,,,,,,,,,,,,,,
2019-01-31,232.366,4.979,,52.774,0.099,,,0.346,,,,0.0,,36.491,,,1.563,0.03699999999997772,164.489,5.488,76.869,0.4119,335.977,198.10882,328.58,254.03,0.0,81.947,35.001,254.03,335.977,0.0,232.403,,339.298,,198.778,0.13809,94.672,0.11,27.45,27.45,33.964,33.854,,6.514,,433.97,60.818,60.817999999999984,,0.121,-1.32,,7.869,-47.31,-1.21,28.463,-6.846,0.646,0.0,,,0,-20.057,33.854,0.688,0.11,-47.31,SCT.L,L,52.774,,,,,,,,,,,53.05,,,8.402,,,,,,,,,,,,,,,,,,,,,,,,,,,,,,,,,,
2019-12-31,89.1,115.9,72.6,72.6,0.4,8.0,,293.8,369.1,,,0.0,0.0,71.0,,37.6,31.2,27.700000000000003,,55.3,394.1,-0.85945,1108.5,364.53667,198.3,148.7,410.2,510.4,,598.1,1108.5,402.2,116.8,,54.5,39.3,368.2,0.06056,226.1,-7,22.3,23.1,28.2,35.8,-0.6,5.1,,280.6,143.4,190.3,,32.7,-22.8,6.199999999999999,3.1,-21.799999999999997,-26.799999999999997,63.1,-12.399999999999999,6.6000000000000005,0.0,-0.09999999999999998,-14.899999999999999,0.2,14.400000000000002,28.199999999999996,8.0,-4.0,-7.1,EQN.L,L,,9.6,,,,,-0.8,7.6,,22.7,,47.0,,529.9,8.9,,,,,,,,,,,,,,,,,,,,,,,,,,,,,,,,,,
2019-06-30,92.1,115.9,58.2,58.2,0.4,7.7,,302.1,382.6,,,0.0,0.4,61.7,,32.8,33.7,31.5,,58.1,392.6,-0.87261,1113.9,364.537,195.1,144.3,425.5,508.9,,605.0,1113.9,417.8,123.6,,52.0,35.3,368.5,0.02307,223.1,-8,8.5,9.3,11.6,20.1,-0.5,2.3,,275.1,176.1,203.0,,29.0,-25.7,7.0,-0.4,-32.1,-33.2,33.1,-23.5,6.3,-2.2,-0.5,-17.1,-0.2,-32.7,11.6,9.7,-7.5,-12.6,EQN.L,L,,10.1,,,,,-0.8,-8.4,,27.1,,47.8,,524.9,12.9,,,,,,,,,,,,,,,,,,,,,,,,,,,,,,,,,,
2020-04-30,,122.989,38.774,60.826,32.001,0.0,,,64.827,1158.547,,0.0,,7.869,,,,,,,1006.152,9.07094,1233.838,128.00678,75.291,7.869,64.827,1161.142,,72.696,1233.838,64.827,14.465,,4.07,,125.30596,-0.33909,-41.204,,-42.49,-42.49,-41.715,-41.715,,0.775,,-37.134,,0.5110000000000001,,,,1.515,0.716,40.423,,-56.56,-65.841,,-0.108,-0.033,,53.776,-16.17,-41.715,50.996,,-13.245,BNKR.L,L,,,,,,,,0.511,,,22.052,,,,,,,,,,,,,,,,,,,,,,,,,,,,,,,,,,,,,,
2019-10-31,,78.541,54.944,99.937,30.986,,,,64.823,1128.519,,0.0,,4.558,,,,,,,1053.682,9.48731,1232.59,122.60678,104.071,4.558,64.823,1163.209,,69.381,1232.59,64.823,4.134,,4.023,,122.60678,0.29007,37.202,,35.565,35.565,36.732,36.732,,1.167,,41.225,,0.47000000000000064,,,,1.516,1.2719999999999998,-12.505999999999998,,25.936,10.896999999999998,,,-0.513,0.0,,12.916999999999998,36.732,-21.692999999999998,,-12.505999999999998,BNKR.L,L,,,,,,,,0.47,,,44.993,,,,,,,,,,,,,,,,,,,,,,,,,,,,,,,,,,,,,,
2019-04-30,,78.541,42.027,71.634,30.986,0.0,,,64.819,1129.419,,0.0,,1.469,,,,,,,1030.623,9.29924,1206.438,122.60678,77.019,1.469,64.819,1140.15,,66.288,1206.438,64.819,5.385,,3.803,,122.60678,0.7408,92.1,,90.827,90.827,91.561,91.561,,0.734,,95.903,,0.5389999999999997,,,,1.521,0.866,-12.26,,34.199,23.284,,,0.013,0.0,,21.952,91.561,-80.646,,-12.26,BNKR.L,L,,,,,,,,0.539,,,29.607,,,,,,,,,,,,,,,,,,,,,,,,,,,,,,,,,,,,,,
2019-12-31,,254.5,212.7,,34.1,,0.4,278.0,728.8,5547.6,1561.0,0.0,,62.0,-326.3,55.1,76.9,,,128.4,2226.3,6.62059,12550.8,288.58449,,,800.2,2188.6,,10362.2,12550.8,800.2,,,,21.9,284.684,-0.33792,,,-96.2,-96.2,-114.9,-114.9,,-18.7,,,641.8,1539.6,,,-54.9,32.5,0.8999999999999986,-38.599999999999994,-54.9,91.8,223.6,21.900000000000002,,7.1000000000000005,-8.7,1.5,5.400000000000006,-114.9,-38.80000000000001,,-31.39999999999999,HSX.L,L,903.2,,,,,18.4,,-34.8,,1348.9,,,,,,,,,,,,3386.9,8094.5,,892.3,77.3,-1.7,1295.136,1.1,,,,,,,,,,,,,,456.1,,,,,,
2019-06-30,,249.9,1110.5,,34.0,,9.2,231.3,713.8,5325.2,1775.4,0.0,,46.5,-338.6,32.2,56.2,,,130.7,2375.4,7.2474,11961.2,288.29634,,,713.8,2320.7,,9640.5,11961.2,713.8,,,,22.7,289.063,0.50197,,,145.1,145.1,168.0,168.0,,22.9,,,639.5,1319.1,,,-42.4,3.9,10.3,-84.9,-42.4,-52.3,-119.0,22.7,,1.3,-6.8,2.1,-178.3,168.0,-124.0,,-80.2,HSX.L,L,708.753,,,,,18.2,,-45.1,,1470.9,,,,,,,,,,,,2845.5,7366.8,,683.8,148.0,-0.5,1286.0159999999998,1.1,,,,,,,,,,,,,,486.4,,,,,,
2020-03-31,6.6,1.3,114.7,114.7,3.2,,,,,1665.4,,0.0,,,,5.2,6.1,2.5999999999999996,,28.0,1798.1,32.27704,1823.4,55.37373,123.9,30.9,0.0,1787.3,,36.1,1823.4,0.0,9.2,,,,54.83842,-5.00197,,-1.8,-274.3,-274.3,-272.6,-270.8,,1.7,,-269.7,1.1,1.1,,,-1.4000000000000001,0.7999999999999999,-0.19999999999999973,-17.2,102.2,18.4,18.4,,-0.8,,-5.0,-2.3000000000000007,103.4,,,103.6,-9.099999999999998,CLDN.L,L,,,,,,,,,,30.0,,0.9,,,,,-15.3,,,,,,,,,,,,,,,,,,,,,,,,,,,,,,,,
2019-09-30,20.3,1.3,11.3,11.3,3.2,,0.0,,,2051.1,,5.0,,,,7.6,6.3,2.3999999999999986,,28.2,2122.2,37.49973,2119.6,55.37373,34.0,35.5,5.0,2076.5,,43.1,2119.6,0.0,22.7,,,,56.05307,1.809,,-0.6,101.4,101.4,100.7,101.3,,-0.7,,116.8,15.5,15.5,,,-1.3,0.9,-3.6,-22.7,-90.8,12.5,12.5,,1.6,,5.0,-5.6,-101.0,,,-89.5,-23.7,CLDN.L,L,,,,,,,,,,29.2,,1.3,,,,,-50.2,,,,,,,,,,,,,,,,,,,,,,,,,,,,,,,,
2019-03-31,21.3,1.3,112.3,112.3,3.2,,0.0,,,1866.7,,0.0,,,,7.3,6.2,5.300000000000001,,28.4,2042.1,36.15368,2040.2,55.37473,138.9,30.9,0.0,2002.0,,38.2,2040.2,0.0,26.6,,,,55.65025,0.27313,,-0.8,15.2,15.2,14.7,15.5,,-0.5,,28.0,12.5,12.5,,,-0.8999999999999999,0.9,-0.5,-14.899999999999999,42.5,17.700000000000003,17.700000000000003,,-0.9,,,-5.199999999999999,45.30000000000001,,,43.400000000000006,-8.8,CLDN.L,L,,,,,,,,,,28.1,,2.8,,,,,-44.6,,,,,,,,,,,,,,,,,,,,,,,,,,,,,,,,
2020-06-30,,,75.396,75.396,8.17,0.248,,,195.23,2853.397,,0.0,,18.01,,,,,,0.696,2727.668,8.37163,2949.964,326.79873,95.871,18.258,196.116,2735.838,,214.126,2949.964,195.868,20.475,,9.359,,328.5704,-0.31338,-98.332,,-102.967,-102.967,-104.581,-104.581,,-1.614,,-88.973,3.012,6.2490000000000006,,,,3.602,2.345,-109.0,75.518,14.629,-3.195,0.101,-3.602,-3.237,-65.125,-16.995,-22.09,-104.581,122.304,75.518,-23.278,ATST.L,L,,,,,,3.237,,0.0,,,,,,,,,,,,,,,,,,,,,,,,,,,,,,,,,,,,,,,,,
2019-12-31,,,97.486,97.486,8.227,0.251,,,196.638,3050.01,,65.0,0.0,19.661,,,,,,0.797,2871.165,8.7502,3161.702,329.06573,110.895,84.912,262.649,2879.392,,282.31,3161.702,197.398,13.409,,9.962,,330.59793,0.45715,158.544,,151.133,151.133,153.422,153.422,,2.289,,168.506,2.577,5.122,,,,4.327999999999999,-0.061000000000000165,-19.995999999999995,21.68699999999999,12.304000000000002,-3.161,0.094,-4.327999999999999,-2.545,14.869,-7.560000000000002,11.450000000000001,153.42199999999997,-138.051,21.68699999999999,-22.976999999999997,ATST.L,L,,,,,,2.545,,0.0,,,,,,,,,,,,,,,,,,,,,,,,,,,,,,,,,,,,,,,,,
2019-06-30,,,86.036,86.036,8.252,0.251,,,191.798,2880.009,,50.0,0.0,19.485,,,,,,0.881,2750.544,8.35974,3021.204,330.00973,140.314,69.736,242.923,2758.796,,262.408,3021.204,192.672,54.278,,9.029,,330.94625,1.20204,404.19,,397.811,397.811,399.468,399.468,,1.657,,413.219,3.285,4.7219999999999995,,,,3.573,1.6,-70.917,45.752,31.414,3.815,0.093,-3.573,-1.381,-17.14,-27.427,4.868,399.468,-371.962,45.752,-22.777,ATST.L,L,,,,,,1.381,,0.056,,,,,,,,,,,,,,,,,,,,,,,,,,,,,,,,,,,,,,,,,
2020-03-31,23.718,,25.128,25.128,602.989,,,,,753.56,,0.0,,2.552,,197.781,,0.2519999999999989,,,-24.36,0.99045,802.68,584.20593,49.12,26.27,0.0,578.629,,224.051,802.68,0.0,23.97,,2.803,,583.91333,-0.08689,-45.039,0.0,-50.737,-50.737,-50.737,-50.737,,,,-42.236,0.867,5.6979999999999995,,0.07300000000000001,,,,-19.336999999999996,0.0,39.19499999999999,20.668999999999997,,,,,0.0,19.858,-50.736999999999995,69.19,0.0,-19.337,NESF.L,L,,,,,,,,4.831,,23.718,,,,,0.022,,,,,,,,,,,,,,,,,,,,,,,,,,,,,,,,,,
2019-09-30,48.749,,5.27,5.27,602.269,,,,,818.352,,0.0,,1.989,,197.708,,2.9779999999999944,,,46.435,1.11152,875.85,583.6175,57.498,29.438,0.0,648.704,,227.146,875.85,0.0,51.727,,2.856,,696.63124,0.03027,24.858,0.0,21.086,21.086,21.086,21.086,,,,27.714,0.702,3.7720000000000002,,0.036,,,,81.216,0.0,-95.231,-122.877,,,,,98.65,-14.015,21.086,6.524,0.0,-17.434,NESF.L,L,,,,,,,,3.07,,27.449,,,,,0.501,,,,,,,,,,,,,,,,,,,,,,,,,,,,,,,,,,
2019-03-31,40.699,,19.285,19.285,600.029,,,,,722.763,,0.0,,1.435,,99.022,,0.24900000000000233,,,45.022,1.10885,783.457,581.73054,60.694,39.384,0.0,645.051,,138.406,783.457,0.0,40.948,,2.731,,653.30649,0.08101,55.472,0.01,52.925,52.925,52.925,52.915,,,,58.203,0.711,2.5570000000000004,,0.022,,,,81.347,0.010000000000000002,-65.908,-89.90599999999999,,,,,99.0,15.449000000000005,52.925,-28.949,0.010000000000000002,-17.653,NESF.L,L,,,,,,,,1.846,,37.949,,,,,0.461,,,,,,,,,,,,,,,,,,,,,,,,,,,,,,,,,,
2019-12-31,,1721.309,,127.589,,,,,,1741.457,,0.0,,0.339,,,,,,,162.128,1.15085,1883.776,1636.564,142.319,0.339,0.0,1883.437,,0.339,1883.776,0.0,14.73,,0.101,,1530.96712,0.02604,16.518,24.156,39.874,39.874,39.874,15.718,,0,,16.619,0.193,0.8,,,,,,179.753,-162.168,58.701,55.42100000000001,,-3.2270000000000003,-1.078,,228.54199999999997,75.208,39.873999999999995,-36.593999999999994,-162.168,-45.562,TRIG.L,L,127.589,,,,,,,0.607,,,,,,,,,,,,,,,,,,,,,,,,,,,,,,,,,,,,,,,,,
2019-06-30,,1490.431,,52.381,,,,,,1618.523,,0.0,,9.257,,,,,,,173.363,1.14705,1673.051,1450.50246,54.528,9.257,0.0,1663.794,,9.257,1673.051,0.0,2.147,,0.099,,1314.78488,0.09291,128.912,-6.147,122.155,122.155,122.155,128.302,,0,,129.011,0.188,0.61,,,,,,257.753,-251.676,28.403,29.128,,-4.632,1.141,,303.108,35.621,122.155,-122.88,-251.676,-40.723,TRIG.L,L,52.381,,,,,,,0.422,,,,,,,,,,,,,,,,,,,,,,,,,,,,,,,,,,,,,,,,,
2019-12-31,,62.162,13.818,13.818,22.574,,,,30.08,674.892,,0.0,,1.185,,0.69,,,,,572.245,3.2183,688.936,204.13925,14.044,1.185,30.08,656.981,,31.955,688.936,30.08,0.226,,3.049,,193.60794,0.15489,31.221,,29.987,29.987,30.771,30.771,,0.784,,34.27,,0.4500000000000002,,,,0.5519999999999999,,54.226,-59.646,1.1219999999999999,0.5499999999999999,,-0.5519999999999999,,0,54.778,-4.298,31.323999999999984,-30.75200000000001,-59.646,0.0,IEM.L,L,,,,,,0.013,,0.437,,,,,,,,,,,,,,,,,,,,,,,,,,,,,,,,,,,,,,,,,
2019-06-30,,16.035,18.116,18.116,22.574,0.0,,,30.754,587.858,,0.0,,3.676,,,,,,,533.607,3.06795,606.646,186.51425,18.788,3.676,30.754,572.216,,34.43,606.646,30.754,0.672,,2.917,,182.31425,0.60108,111.343,,109.585,109.585,110.892,110.892,,1.307,,114.26,,0.45100000000000007,,,,0.644,,12.024,-3.077,2.688,-0.142,,-0.644,,0,18.156,11.635,111.519,-108.689,-3.077,-5.488,IEM.L,L,,,,,,0.014,,0.437,,,,,,,,,,,,,,,,,,,,,,,,,,,,,,,,,,,,,,,,,
2020-03-31,,944.522,30.469,30.469,8.784,,,,,1089.0,,152.395,,0.446,,,,,,,11.379,1.09827,1119.655,878.36849,,,152.395,964.685,,154.97,1119.655,0.0,0.186,,4.306,,878.0176,0.0196,21.089,-2.513,17.21,17.21,17.21,19.723,,,,25.395,,1.3659999999999997,,,,2.465,,-47.086,,75.078,35.028,,-2.465,,-12.0,-0.029,27.992,19.723,20.327,,-32.592,GCP.L,L,,,,,,,,1.366,,2.129,,,,,,,,,,,,,,,,,,,,,,,,,,,,,,,,,,,,,,,
2019-09-30,,943.789,2.477,2.477,8.777,,,,164.088,1144.65,,0.0,,0.823,,,,,,,27.53,1.11658,1147.262,877.76714,,,164.088,980.096,,167.166,1147.262,164.088,0.135,,4.4,,877.40182,0.02913,29.338,-2.364,25.56,25.56,25.56,27.924,,,,33.738,,1.4139999999999997,,,,2.6500000000000004,,39.76199999999999,,-48.051,-80.456,,-2.6500000000000004,,75.0,-0.028,-8.289,27.924,4.481000000000001,,-32.56,GCP.L,L,,,,,,,,1.414,,2.255,,,,,,,,,,,,,,,,,,,,,,,,,,,,,,,,,,,,,,,
2019-03-31,,943.045,10.766,10.766,8.771,,,,88.781,1068.485,,0.0,,1.239,,,,,,,35.308,1.12537,1079.301,877.15559,,,88.781,987.124,,92.177,1079.301,88.781,0.05,,4.389,,876.57671,0.03828,36.835,-2.035,33.552,33.552,33.552,35.587,,,,41.224,,1.2479999999999993,,,,1.034,,-89.076,,97.507,54.784,,-1.034,,-56.089,-0.027,8.431,35.587,7.136,,-31.926,GCP.L,L,,,,,,,,1.248,,2.157,,,,,,,,,,,,,,,,,,,,,,,,,,,,,,,,,,,,,,,
2019-12-31,388.023,226.608,348.787,348.787,8.516,55.368,47.109,103.268,339.261,12.653,2.417,0.0,16.281,36.761,70.151,37.724,8.356,0.2969999999999686,511.855,1023.169,1048.319,2.52951,2878.728,237.8078,1071.02,603.984,882.628,1362.651,317.632,1516.077,2878.728,827.26,388.32,12.954,,5.954,238.72756,0.29289,,-11.917,72.312,71.302,84.438,96.556,-0.201,13.136,,1234.965,,1138.409,-2.157,5.954000000000001,-32.019,12.433000000000002,17.555999999999997,-65.737,-49.006,105.95900000000002,-48.163000000000004,50.967,,-1.355,-50.552,0.26900000000000013,-10.13900000000001,84.43799999999999,12.763,-16.987000000000002,-15.453999999999997,GFTU.L,L,,,,-3.897,,,,1134.612,,,,,,657.845,,,,,,,,,,,,,,,,,,,,,,,,,,,,,,,,,,,
2019-06-30,477.641,222.972,358.926,358.926,8.514,53.198,40.446,77.256,357.043,13.912,2.423,0.0,12.076,73.479,80.987,38.255,41.502,0.0,634.841,1034.583,991.872,2.51804,2999.965,237.76289,1192.736,761.518,899.439,1313.505,344.093,1686.46,2999.965,846.241,477.641,13.057,,3.68,238.43771,0.28862,,-12.814,46.92,72.622,88.203,101.227,-0.21,15.581,,1437.316,,1336.089,-4.737,3.68,-20.415,13.478,14.196,19.793,-11.083,127.514,-32.761,54.17,,-0.282,54.383,-6.058,135.942,88.203,14.222,9.332,-28.532,GFTU.L,L,,,,-3.897,,,,1337.146,,,,,,637.553,,,,,,,,,,,,,,,,,,,,,,,,,,,,,,,,,,,
2019-12-31,1.447,6.291,19.64,19.64,,,,,,1380.742,,0.0,,6.65,,,,2.097,1.317,,1389.374,11.4901,1403.926,121.46675,23.184,8.261,0.0,1395.665,,8.261,1403.926,0.0,3.544,,6.55,,121.46675,0.93428,116.312,,113.484,113.484,114.912,114.916,-0.004,1.428,,122.862,0.38,1.396,,,,-0.004,-0.918,-23.079,,24.123,14.955,,,-0.891,,0,0.153,,,,-23.079,GSS.L,L,,,0.001,,,0.906,,0.11,,0.294,,,,,,,,,,,,,,,,,,,,,,,,,,,,,,,,,,,10.09,,,,
2019-06-30,2.079,6.291,19.487,19.487,,,,,,1290.592,,0.0,,6.14,,,,2.7049999999999996,1.525,,1298.969,10.74573,1314.863,121.46775,24.271,9.603,0.0,1305.26,,9.603,1314.863,0.0,4.784,,6.299,,121.49509,1.63788,205.635,,198.994,198.994,204.281,204.287,-0.006,5.287,,211.934,0.466,1.3479999999999999,,,,-0.006,-2.046,0.0,,1.6140000000000043,-16.276999999999987,,,-0.30199999999999994,,0,1.3120000000000003,,,,0.0,GSS.L,L,,,0.001,,,0.796,,0.086,,1.938,,,,,,,,,,,,,,,,,,,,,,,,,,,,,,,,,,,19.943,,,,
2020-03-31,101.0,,413.0,413.0,779.0,,,,,1652,99.0,0.0,26,8.0,,15.0,7.0,0.0,,,1490.0,2.54534,2298.0,891.43401,540.0,14.0,0.0,2269.0,,29.0,2298.0,0.0,101.0,,32,,884.8,0.13223,83.0,,117.0,117.0,117.0,117.0,,0,,115.0,,-34.0,,,,2.0,,-16.0,,423.0,425.0,,-6.0,,-192,223.0,407.0,,-2.0,,-41.0,3IN.L,L,,,,,,-36.0,,2.0,,6.0,,,,,,,,,,,,,,,,,,,,,,,,,,,,,,,,,,,,,,,
2019-09-30,1.0,,6.0,6.0,560.0,,,,,2186,,192.0,2,14.0,,9.0,4.0,0.0,,,1414.0,2.43573,2199.0,810.43401,9.0,216.0,192.0,1974.0,,225.0,2199.0,0.0,1.0,,17,,810.4,0.13203,123.0,0.0,107.0,107.0,107.0,107.0,,0,,140.0,,16.0,,,,1.0,,156.0,,-407.0,-393.0,,-1.0,0.0,192,,-251.0,,-14.0,,-35.0,3IN.L,L,,,,,,15.0,,1.0,,10.0,,,,,,,,,,,,,,,,,,,,,,,,,,,,,,,,,,,,,,,
2019-03-31,3.6,,256.8,256.8,560.4,,,,,1697,,0.0,3,18.6,,5.8,4.6,0.0,,,1341.4,2.34664,1965.0,810.43401,263.4,57.4,0.0,1901.8,,63.2,1965.0,0.0,3.6,,43,,810.4,0.12574,90.1,-2.5,101.9,101.9,101.9,104.4,,0,,133.1,,-14.3,,,,1.1999999999999997,,-36.3,,173.0,187.7,,-1.1999999999999997,-2.5,0,,134.20000000000002,,-14.7,,-35.10000000000001,3IN.L,L,,,,,,-15.2,,0.9,,38.8,,,,,,,,,,,,,,,,,,,,,,,,,,,,,,,,,,,,,,,
2019-12-31,,,,928.409,380.879,,,,,,0,0.0,,3.067,,,,,,,544.53,5.05105,928.476,183.21104,928.476,3.067,0.0,925.409,,3.067,928.476,0.0,,,4.587,,184.27368,-0.20225,-35.521,-0.37,-37.269,-37.269,-37.269,-36.899,,0,,-30.934,1.378,1.3780000000000001,,,,,,-17.024,-16.964,38.106,-18.631,,,,,-6.909,4.118,-37.269,94.006,-16.964,-10.115,VOF.L,L,20.13,,,,,,,0,,,908.279,,,,0.067,,,,,,,,,,,,,,,,,,,,,,,,,,,,,,,,,,
2019-06-30,,,,999.055,491.301,,,,,,0,0.0,,19.384,,,,,,,591.914,5.30117,999.086,184.80854,999.086,19.384,0.0,979.702,,19.384,999.086,0.0,,,7.736,,188.98923,0.21228,41.111,0.357,40.118,40.118,40.118,39.761,,0,,48.847,1.35,1.3500000000000005,,,,,,-15.592000000000006,27.119,-0.43399999999999994,6.087,,,,,-5.420000000000002,11.093,40.118,-46.639,27.119,-10.171999999999999,VOF.L,L,16.012,,,-103.513,,,,0,,,983.043,,,,0.031,,,,,,,,,,,,,,,,,,,,,,,,,,,,,,,,,,
2020-05-31,,374.345,82.599,82.599,4.511,,,,,682.268,,39.091,,9.044,,,,,,,338.11,1.59379,765.101,449.85,82.833,48.135,39.091,716.966,,48.135,765.101,0.0,0.234,,2.941,,438.49936,0.19024,84.921,-0.723,83.418,83.418,83.693,84.43,-0.014,0.275,,87.862,,0.4910000000000001,,,,0.969,0.275,-9.617,30.508,2.054,-0.275,,-43.575,,21.16,23.459,22.945,1.596,0.733,30.508,-10.661,BBH.L,L,,,,,,,,0.491,,,,,,,,,,,,,,,,,,,,,,,,,,,,,,,,,,,,,,,,,
2019-11-30,,351.331,59.654,59.654,4.352,,,,,626.383,,58.393,,7.159,,,,,,,265.353,1.4311,686.588,433.95706,60.205,65.552,58.393,621.036,,65.552,686.588,0.0,0.551,,2.696,,427.09872,0.1325,58.248,-0.984,56.591,56.591,56.769,57.879,-0.126,0.178,,60.944,,0.3689999999999998,,,,1.186,0.178,43.057,17.064000000000007,-3.9370000000000003,-0.178,,-1.4549999999999996,,-0.782,55.32000000000001,56.184,1.454,-5.213000000000001,17.064000000000007,-10.026,BBH.L,L,,,,,,,,0.369,,,,,,,,,,,,,,,,,,,,,,,,,,,,,,,,,,,,,,,,,
2019-05-31,,296.693,3.47,3.47,3.939,,,,,577.871,,59.638,,2.455,,,,,,,218.788,1.32288,581.513,392.64259,3.642,62.093,59.638,519.42,,62.093,581.513,0.0,0.172,,2.349,,366.29193,-0.03767,-12.078,-1.015,-13.8,-13.8,-13.666,-12.63,-0.021,0.134,,-9.729,,0.5519999999999996,,,,0.809,0.134,101.23,-99.129,-2.433,-0.134,,-2.579,,11.5,99.573,-0.332,1.352,-3.651,-99.129,-7.264,BBH.L,L,,,,,,,,0.552,,,,,,,,,,,,,,,,,,,,,,,,,,,,,,,,,,,,,,,,,
2020-06-30,14.614,,26.084,43.783,140.455,0,,,368.2,4385.856,,0.0,,2.588,,,,0.0,,,3923.259,7.4993,4444.253,541.87942,58.397,12.339,368.2,4063.714,,380.539,4444.253,368.2,14.614,,14.698,,542.4065,-0.01725,-5.253,,-9.359,-9.359,-5.253,-5.253,,4.106,,9.445,,0.0,,,,4.849,7.139,-108.407,108.226,17.153,31.701,,,-1.385,-75.0,-1.946,15.587,-5.253,-9.295,108.226,-31.461,FCIT.L,L,17.699,,,,,,,,,8.454,,1.297,,,,,,,,,,,,,,,,,,,,,,,,,,,,,,,,,,,,,
2019-12-31,20.563,,,28.196,140.455,75,,,361.17,4512.321,,0.0,,1.983,,,,0.0,,,3968.594,7.57259,4561.08,542.62124,48.759,90.861,436.17,4109.049,,452.031,4561.08,361.17,20.563,,11.318,,542.77499,0.30251,171.657,,164.193,164.193,167.682,167.682,,3.489,,182.975,,3.9749999999999996,,,,4.460000000000001,3.5820000000000007,27.186999999999998,-120.243,18.431000000000004,33.581,,,5.2490000000000006,67.975,-9.28,-69.37599999999999,167.68200000000002,-182.832,-120.243,-31.508,FCIT.L,L,28.196,,,,,,,3.975,,12.349,,1.529,,,,,,,,,,,,,,,,,,,,,,,,,,,,,,,,,,,,,
2019-06-30,12.26,,,97.572,140.455,0,,,366.581,4254.412,,0.0,,5.46,,,,0.0,,,3842.962,7.32733,4364.244,543.63857,109.832,14.246,366.581,3983.417,,380.827,4364.244,366.581,12.26,,14.839,,543.43715,0.94378,517.418,,512.883,512.883,517.418,517.418,,4.535,,532.257,,0.0,,,,5.125,4.241,27.149,-51.584,33.233,47.536,,,-7.665,48.231,9.325,1.133,517.418,-531.721,-51.584,-30.407,FCIT.L,L,97.572,,,,,,,,,7.346,,1.44,,,,,,,,,,,,,,,,,,,,,,,,,,,,,,,,,,,,,
2020-03-31,269.923,58.337,144.089,144.506,3.032,7.567,6.287,107.184,,,2.958,0.0,,4.33,0.0,14.484,23.18,0.6419999999999959,255.344,51.797,282.809,0.51512,655.041,303.23269,415.071,267.241,56.36,318.236,,336.805,655.041,48.793,270.565,0.001,,5.388,301.094,0.07716,,-0.54,21.486,21.486,28.245,28.93,-0.145,6.759,,175.774,98.29,146.844,2.296,5.426,-14.085,1.148,11.862,-47.997,-46.114,9.0,-35.113,4.589,-1.083,0.001,-3.339,-8.174,-85.11,28.93,5.168,-32.029,-35.401,BRW.L,L,,,,-25.943,,,,40.87,,,0.417,,-57.479,54.851,,109.276,,,,,,,,,,,,,,,,,,,,,,,,,,,,,,,,,
2019-09-30,216.212,58.238,229.199,229.651,3.032,,2.699,64.513,,,,0.0,0.0,10.385,-0.024,19.433,17.373,0.0,220.921,10.659,301.668,0.72717,591.141,303.17113,445.863,231.306,0.0,337.703,,253.438,591.141,0.0,216.212,0.003,,3.559,297.505,0.09241,,0.586,25.31,25.31,32.825,32.179,0.06,7.515,,176.796,95.014,144.617,2.83,3.795,-19.785000000000004,,5.868999999999999,45.339000000000006,-19.727999999999998,64.662,23.745,1.54,-0.024,0.11699999999999999,,58.34,90.38999999999999,32.179,3.4030000000000005,0.05699999999999994,-12.976999999999997,BRW.L,L,,,,-25.214,,,,43.214,,,0.452,,-56.82,52.733,,67.479,,,,,,,,,,,,,,,,,,,,,,,,,,,,,,,,,
2019-03-31,251.918,0.0,138.809,139.833,2.835,,,39.401,,,0.0,0.0,0.0,7.893,,9.655,13.492,0.0,227.065,9.837,281.472,0.60137,503.118,283.46365,391.751,234.958,0.0,258.505,,244.613,503.118,0.0,251.918,0.002,,3.299,281.191,0.0823,,0.823,22.757,22.757,29.699,28.782,0.094,6.942,,162.313,91.791,133.531,0.503,4.168,-5.539,,6.44,-41.773,-7.477,1.985,-37.911,1.283,,-0.148,,-8.764,-47.413,28.782,5.663,-1.938,-33.009,BRW.L,L,,,,-25.804,,,,37.938,,,1.024,,-55.277,48.637,,65.114,,,,,,,,,,,,,,,,,,,,,,,,,,,,,,,,,
2020-03-26,55.9,,79.1,79.1,5,83.7,0.4,25.2,163.3,,,0.0,1.5,6.6,-2.9,7.1,20.9,0.0,196.6,542.3,928.9,-0.1508,1768.9,500.0,199.3,286.9,627.2,931.0,62.8,837.9,1768.9,543.5,55.9,,262.443,,515.313,0.08114,250.019,-7.82,41.824,41.824,51.893,59.713,,10.069,,512.462,190.417,190.30600000000004,-0.111,,-23.967000000000002,7.732999999999999,10.592000000000002,-65.70000000000002,-24.167999999999996,124.255,12.107,51.27,-7.694000000000001,,-45.824999999999996,0.14800000000000013,34.387,41.824000000000005,19.054000000000002,-0.20099999999999874,-12.329,PETS.L,L,,,,,,,,,,,,,-261.8,981.2,,804.1,,,,,,,,,,,,,,,,,,,,,,,,,,,,,,,,,
2019-10-10,66.28,,44.747,44.747,5,84.106,2.62,19.953,179.044,,,0.0,2.469,4.944,0.349,4.726,19.952,0.0,196.37,572.275,897.412,-0.19695,1779.139,500.0,185.677,285.42,667.718,902.761,72.181,876.378,1779.139,583.612,66.28,,278.457,,503.887,0.06606,267.881,-9.98,25.576,25.576,34.007,43.987,,8.431,,546.338,216.183,223.894,7.711,,-15.633,9.967,20.208,-80.6,-26.132,90.945,-16.807,58.13,-15.606,,-37.275,-2.948,-15.787,25.576,24.046,-10.499,-24.771,PETS.L,L,,,,,,,,,,,,,-217.245,981.282,,789.52,,,,,,,,,,,,,,,,,,,,,,,,,,,,,,,,,
2019-03-28,68.886,,60.534,60.534,5,7.333,4.028,19.404,178.778,,,0.0,1.61,25.591,0.801,37.763,18.653,0.0,185.833,123.684,897.175,-0.1955,1342.302,500.0,199.239,218.757,186.111,902.976,68.209,439.326,1342.302,178.778,68.886,,226.215,,503.17821,0.05775,235.479,-1.584,24.27,24.27,41.643,43.227,,17.373,,461.694,182.098,192.25199999999998,10.154,,-17.133000000000003,1.6109999999999998,10.192000000000002,-36.39900000000001,-19.144,55.782,-6.368999999999998,17.421000000000003,-1.5830000000000002,,-20.59,-1.841,0.239,24.27,20.46,-2.011,-12.385000000000002,PETS.L,L,,,,,,,,,,,,,-161.085,981.322,,284.769,,,,,,,,,,,,,,,,,,,,,,,,,,,,,,,,,
2020-02-29,3.036,140.12,,16.344,14.381,,,,,597.554,,0.0,76.737,23.476,,,,0.0,,,515.694,2.33002,693.671,287.63448,96.117,23.476,0.0,670.195,,23.476,693.671,0.0,3.036,,3.564,,281.88904,-0.15887,-44.236,,-44.785,-44.785,-44.618,-44.618,,0.167,,-40.672,,0.3820000000000001,,,,,0.256,16.696,6.994,8.678,7.27,,0.0,-2.666,,31.18,29.702,,1.408,6.994,-14.484,FSV.L,L,16.344,,,,,,,0.382,,,,,,,,,,,,,,,,,,,,,,,,,,,,,,,,,,,,,,,,,
2019-08-31,11.685,109.897,,2.207,13.808,,,,,635.539,,0.0,67.911,18.674,,,,0.0,,,574.963,2.52985,717.342,276.16948,81.803,18.674,0.0,698.668,,18.674,717.342,0.0,11.685,,3.076,,274.96524,0.03165,9.397,,8.702,8.702,9.043,9.043,,0.341,,12.473,,0.3540000000000001,,,,,0.64,3.436,-41.063,13.546,10.538,,0.0,3.3019999999999996,,9.216000000000001,-20.778999999999996,,3.008,-41.063,-5.779999999999999,FSV.L,L,2.207,,,,,-0.003,,0.357,,,,,,,,,,,,,,,,,,,,,,,,,,,,,,,,,,,,,,,,,
2019-02-28,2.525,100.48,,8.417,13.625,,,,,611.412,,0.0,77.408,13.616,,,,0.0,,,572.041,2.51802,699.762,272.49448,88.35,13.616,0.0,686.146,,13.616,699.762,0.0,2.525,,3.234,,268.48244,-0.16703,-44.254,,-44.845,-44.845,-44.732,-44.732,,0.113,,-41.02,,0.4780000000000002,,,,,0.138,5.933,42.912,4.488,2.937,,-0.088,-0.357,,14.454,52.976,,1.551,42.912,-8.433,FSV.L,L,8.417,,,,,,,0.478,,,,,,,,,,,,,,,,,,,,,,,,,,,,,,,,,,,,,,,,,
2020-03-31,9.8,423.2,,13.4,5.2,,,,166.1,809.7,,0.0,0.5,8.2,,3.5,,0.0,,,219.6,1.24275,833.7,521.42601,24.0,16.1,166.1,648.0,,185.7,833.7,166.1,9.8,,,,521.45415,0.07633,,-2.435,39.8,39.8,39.8,42.234,0.001,0.0,,21.777,3.468,-20.457,,,,2.007,,-6.6270000000000095,-50.12700000000001,12.968,-1.764,,-3.077000000000001,,11.493000000000002,0.049000000000006594,-43.786,39.8,-25.067999999999998,-50.12700000000001,-15.092,LXI.L,L,13.4,,,,,-24.225,,0.3,,5.0,,2.9,,,0.3,,,,,,,,,,,,,,,,,,,,,,,,,,,,,,,,,,
2019-09-30,6.545,423.236,,57.199,5.214,,,,166.227,743.838,,0.0,12.193,7.547,,5.612,0.094,0.0,,,194.845,1.19537,820.183,521.42601,76.251,25.049,166.227,623.295,,196.888,820.183,166.227,6.545,,,,449.34585,0.07522,,-2.365,33.8,33.8,33.8,36.166,-0.001,,,16.723,2.832,-19.443,,,,2.693,,213.627,-188.673,12.832,1.264,,-7.723,,31.707,199.551,37.786,33.8,-22.232,-188.673,-9.908,LXI.L,L,57.199,,,,,-22.275,,,,10.528,,6.974,,,0.314,,,,,,,,,,,,,,,,,,,,,,,,,,,,,,,,,,
2019-03-31,4.413,229.27,,19.413,3.523,,,,167.311,511.527,,0.0,44.386,5.617,,,,0.0,,,170.953,1.12488,580.023,358.92264,68.496,8.966,167.311,403.746,,176.277,580.023,167.311,4.413,,,,342.9479,0.04951,,-1.93,16.98,16.98,16.98,18.91,,0.0,,13.404,2.125,-5.506,,,,2.253,,198.72299999999998,-197.22400000000002,12.330000000000002,2.872,,-7.005,,38.028999999999996,175.25,13.828999999999999,16.98,-7.522,-197.22400000000002,-7.551,LXI.L,L,19.413,,,,,-7.631,,,,1.798,,1.551,,,0.284,,,,,,,,,,,,,,,,,,,,,,,,,,,,,,,,,,
2020-06-30,7.328,1316.925,33.433,33.433,1.234,,,,,1753.229,,0.0,,,,,,0.0,,,468.553,14.47598,1793.99,123.42596,40.761,7.278,0.0,1786.712,,7.278,1793.99,0.0,7.328,,6.962,,119.0909,1.93472,0.105,-0.224,230.407,230.407,231.073,231.297,,0.666,,7.067,,-231.19199999999998,,,,,1.095,113.229,-110.029,-1.101,-0.229,,-0.598,-0.224,,113.827,1.875,231.073,-231.945,-110.029,,SSON.L,L,,,,,,-232.169,,0.977,,7.278,,,,,,,,,,,,,,,,,,,,,,,,,,,,,,,,,,,,,,,
2019-12-31,1.653,1198.014,31.558,31.558,1.145,,,,,1405.671,,0.0,,,,,,0.0,,,238.146,12.55168,1438.882,114.51096,33.211,1.577,0.0,1437.305,,1.577,1438.882,0.0,1.653,,7.797,,102.73979,0.06574,1.304,-0.03,6.754,6.754,7.427,7.457,,0.673,,9.101,,-6.153,,,,,1.707,128.59699999999998,-144.07500000000005,-5.458,-4.797000000000001,,-0.8510000000000002,-0.018,,129.44799999999987,-20.954,56.70700000000002,-57.367999999999995,-144.07500000000005,,SSON.L,L,,,,,,-8.162,,2.009,,1.577,,,,,,,,,,,,,,,,,,,,,,,,,,,,,,,,,,,,,,,
2019-06-30,3.336,1068.736,52.512,52.512,1.042,,,,,1204.21,,0.0,,,,,,0.0,,,182.831,12.02513,1260.058,104.16596,55.848,7.449,0.0,1252.609,,7.449,1260.058,0.0,3.336,,4.712,,93.67972,2.47003,1.734,0.012,231.392,231.392,232.111,232.099,,0.719,,6.446,,-230.36499999999998,,,,,,1069.778,-1022.258,4.992,4.113,,-1.547,,,1071.325,52.512,182.831,-181.952,-1022.258,,SSON.L,L,,,,,,-231.176,,0.811,,7.449,,,,,,,,,,,,,,,,,,,,,,,,,,,,,,,,,,,,,,,
2019-12-31,446.2,1226.5,155.3,155.3,38.8,235.8,155.3,1097.5,694.5,14.1,72.2,0.0,3.8,184.8,425.4,416.0,37.9,11.100000000000023,464.5,449.4,766.1,-0.78106,4743.9,777.53695,1106.2,885.1,1066.5,2456.8,489.8,2287.1,4743.9,830.7,457.3,,761,,786.9,0.20425,444.3,-16.7,166.0,166.0,214.1,233.9,-3.1,48.1,,1205.3,,210.39999999999998,,69.60000000000001,-87.69999999999999,18.7,10.0,-226.10000000000002,-15.100000000000001,281.7,25.0,29.799999999999997,,-1.6,-183.20000000000002,0,38.9,166.0,-8.7,72.60000000000001,-42.900000000000006,MGGT.L,L,,,,,,,,210.4,,,,,,1966.6,,,,,,,,,,,,,,,,,,,,,,,,,,,,,,,,,,,
2019-06-30,456.1,1224.3,116.4,116.4,38.8,127.7,149.6,1151.3,1023.9,13.0,82.1,0.0,20.5,145.4,509.7,415.9,30.9,3.2999999999999545,421.8,409.0,662.3,-0.96506,4808.4,776.94895,1088.5,694.9,1240.6,2435.1,492.2,2373.3,4808.4,1112.9,459.4,,697,,784.7,0.08157,373.9,-15.4,56.6,56.6,72.6,91.4,-3.4,16.0,,1070.9,,282.5,,68.8,-63.4,16.2,4.4,-114.2,-34.6,85.2,-99.6,27.5,,-1.9,-26.7,0,-65.5,56.6,31.9,28.8,-87.5,MGGT.L,L,,,,,,,,282.5,,,,,,2033.6,,,,,,,,,,,,,,,,,,,,,,,,,,,,,,,,,,,
2020-06-30,14.4,340.1,,64.0,152.2,91.3,3.3,,1176.4,2514.3,,0.0,,26.2,-22.4,19.3,0.0,0.0,32.7,,769.1,1.01749,2592.7,1217.7,78.4,150.2,1272.2,1239.0,,1353.7,2592.7,1180.9,14.4,,3.2,,1317.5,0.02885,64.8,-28.5,39.5,39.5,39.6,70.3,-2.2,0.1,,68.0,6.5,-5.5,-1.5,,,21.2,0.0,-60.9,-77.8,59.2,1.7,,-21.9,0.4,-5.3,0,-79.1,39.5,18.0,-77.8,-33.7,PHP.L,L,64.0,,,,,-10.5,,,,,,,,,,,,,,,,,,,,,,,,,,,,,,,,,,,,,,,,,,,
2019-12-31,16.7,338.1,,143.1,152.0,6.1,3.1,,1257.8,2413.1,,0.0,,25.2,-24.1,13.5,0.5,0.0,34.7,,762.5,1.01003,2573.4,1216.3,159.8,66.0,1268.4,1228.5,,1344.9,2573.4,1262.3,16.7,,3.0,,1092.0,0.02963,61.9,-50.1,35.2,35.2,35.9,89.1,-3.1,0.7,,64.9,6.4,-27.2,-2.9,,,20.7,0.1,112.8,-27.499999999999996,46.5,-8.3,,-37.099999999999994,-2.5,80.0,100,129.29999999999998,35.2,19.600000000000023,-27.499999999999996,-30.099999999999998,PHP.L,L,143.1,,,,,-30.7,,,,,,,,,,,,,,,,,,,,,,,,,,,,,,,,,,,,,,,,,,,
2019-06-30,13.5,247.9,,13.8,142.0,78.9,2.4,,1091.3,2351.5,,0.0,,25.8,-26.7,20.5,0.0,0.0,30.1,,762.2,0.99049,2378.8,1136.2,27.3,134.8,1174.6,1125.4,,1253.4,2378.8,1095.7,13.5,,2.6,,993.7,-0.01063,53.8,-22.0,-106.5,-106.5,-106.1,-82.0,-2.1,0.4,,56.4,5.9,135.8,147.6,,,16.2,,-12.1,-28.3,47.5,10.8,,-18.3,0.8,30.5,0,7.9,-106.5,143.2,-28.3,-24.3,PHP.L,L,13.8,,,,,-17.7,,,,,,,,,,,,,,,,,,,,,,,,,,,,,,,,,,,,,,,,,,,
2020-01-31,4.632,23.459,72.341,72.341,23.612,,,,177.866,2289.569,,0.0,,,,,,0.0,5.854,,2135.751,2.75775,2366.542,791.52289,76.973,5.854,177.866,2182.822,,183.72,2366.542,177.866,4.632,,9.364,,791.56562,0.37514,297.689,,296.948,296.948,297.157,297.157,,0.209,,307.053,0.532,0.532,,,,5.442,-0.043,-22.726,-99.018,20.088,20.088,,,0.005,,-1.3539999999999999,-101.65100000000001,,,-99.018,-21.371999999999996,MRC.L,L,,,,,,,,,,,,,,,,,,,,,,,,,,,,,,,,,,,,,,,,,,,,,,,,,
2019-07-31,17.124,23.459,173.992,173.992,23.612,,,,177.818,1915.995,,0.0,,,,,,0.0,20.693,,1861.529,2.40915,2107.111,792.22904,191.116,20.693,177.818,1908.6,,198.511,2107.111,177.818,17.124,,8.973,,792.48055,0.23505,187.237,,186.27,186.27,186.663,186.663,,0.393,,196.21,0.574,0.5739999999999998,,,,5.443,0.0,-31.414,-3.467,25.85,25.85,,,0.002,,-0.532,-9.029,,,-3.467,-30.882,MRC.L,L,,,,,,,,,,,,,,,,,,,,,,,,,,,,,,,,,,,,,,,,,,,,,,,,,
2019-01-31,7.783,23.459,183.021,183.021,23.612,,,,177.769,1754.994,,0.0,,,,,,0.0,14.285,,1706.673,2.21295,1945.798,792.49218,190.804,14.285,177.769,1753.744,,192.054,1945.798,177.769,7.783,,8.952,,793.60072,-0.2866,-226.944,,-227.446,-227.446,-227.552,-227.552,,-0.106,,-217.992,0.608,0.6080000000000005,,,,5.440999999999999,-0.276,-34.73100000000001,34.872000000000014,22.333999999999996,22.333999999999996,,,,,-14.902000000000001,22.474999999999994,,,34.872000000000014,-19.828999999999997,MRC.L,L,,,,,,,,,,,,,,,,,,,,,,,,,,,,,,,,,,,,,,,,,,,,,,,,,
2020-03-31,406.6,51.4,200.8,200.8,44.6,15.0,59.3,329.6,161.8,1.0,0.9,173.5,4.3,23.2,81.5,65.0,20.0,13.599999999999966,358.7,221.9,543.1,0.87451,1617.7,446.30843,1044.3,570.4,391.6,719.9,419.0,897.8,1617.7,203.1,420.2,,548.1,,449.15695,0.19637,427.0,-3.5,87.1,87.1,110.6,114.1,,23.5,,975.1,312.9,312.9,,,-37.5,4.6,21.799999999999997,-75.0,-37.50000000000001,100.1,-40.5,26.4,2.6,3.7,-51.0,-0.19999999999999996,-8.700000000000001,110.6,3.5999999999999996,0.0,-26.4,ECM.L,L,,,,-0.7,,,,,,,,,,,,,,,,,,,,,,,,,,,,,,,,,,,,,,,,,,,,,
2019-09-30,396.6,50.9,93.7,93.7,44.6,172.3,62.6,332.5,51.1,1.1,1.3,50.2,7.3,25.7,87.4,68.8,19.8,12.799999999999955,358.5,202.0,479.7,0.73998,1495.4,446.09339,938.7,606.7,317.2,662.6,428.3,832.8,1495.4,94.7,409.4,,551.0,,446.1,0.15375,427.7,-2.2,67.6,67.6,89.0,91.2,,21.4,,978.7,336.5,336.5,,,-37.2,5.0,28.1,-20.5,-37.4,47.0,-72.1,24.5,,3.3,20.3,1.3,-7.6,89.0,5.6,-0.2,-42.1,ECM.L,L,,,,0.0,,,,,,,,,,,,,,,,,,,,,,,,,,,,,,,,,,,,,,,,,,,,,
2019-03-31,414.7,49.6,129.2,129.2,44.4,,50.3,320.9,175.3,0.9,4.3,78.1,2.7,24.9,61.3,96.6,17.4,2.1000000000000227,384.5,119.6,435.2,0.60471,1399.0,443.84827,935.9,487.5,253.4,589.3,387.2,809.7,1399.0,175.3,416.8,,538.8,,447.81481,0.18754,433.8,-1.8,78.1,78.1,102.2,104.2,-0.2,24.1,,972.6,329.6,329.6,,,-36.3,4.5,30.499999999999996,-22.599999999999998,-39.699999999999996,82.0,-45.39999999999999,16.9,,-0.5000000000000004,2.6999999999999993,-1.8,19.2,102.19999999999999,8.3,-3.3999999999999986,-23.5,ECM.L,L,,,,-1.2,,,,,,,,,,,,,,,,,,,,,,,,,,,,,,,,,,,,,,,,,,,,,
2020-03-31,10.353,989.154,,13.961,52.787,0.0,,,36.7,1607.615,,0.0,,,,,,0.0,4.361,,548.927,7.53443,1631.929,211.1463,24.314,4.361,36.7,1590.868,,41.061,1631.929,36.7,10.353,,5.48,,205.30715,-1.74367,-357.065,,-357.987,-357.987,-357.735,-357.735,,0.252,,-351.585,,0.6699999999999999,,,,0.507,0.25,71.3,-87.639,7.961,-2.261,,,-0.04,,88.597,-8.418,-357.398,367.62,-87.639,-17.297,FGT.L,L,13.961,,,,,,,0.67,,,,,,,,,,,,,,,,,,,,,,,,,,,,,,,,,,,,,,,,,
2019-09-30,4.136,904.32,,22.379,50.203,36.7,,,0.0,1888.834,,0.0,,1.254,,,,0.0,,,924.237,9.35583,1921.456,200.81171,32.622,42.696,36.7,1878.76,,42.696,1921.456,0.0,4.136,,5.54,,195.3814,1.1431,224.594,,223.34,223.34,223.978,223.978,,0.638,,230.134,,0.6159999999999997,,,,0.42199999999999993,0.923,95.363,-104.568,19.404,-1.391,,-0.153,-0.065,,110.6,10.134,224.39399999999998,-203.59900000000002,-104.568,-15.084000000000001,FGT.L,L,22.379,,,,,,,0.616,,4.742,,,,,6.107,,,,,,,,,,,,,,,,,,,,,,,,,,,,,,,,,,
2019-03-31,6.576,793.94,,12.245,47.032,36.7,,,0.0,1577.253,,0.0,,,,,,0.0,2.421,,715.981,8.27609,1596.074,188.12671,18.821,39.121,36.7,1556.953,,39.121,1596.074,0.0,6.576,,4.518,,179.92891,0.25797,47.209,,46.417,46.417,46.626,46.626,,0.209,,51.727,,0.5830000000000002,,,,0.4,0.196,97.714,-105.794,7.21,-1.25,,,-0.06,,111.791,-0.93,47.042,-38.582,-105.794,-14.077,FGT.L,L,12.245,,,,,,,0.583,,,,,,,,,,,,,,,,,,,,,,,,,,,,,,,,,,,,,,,,,
2020-06-30,1.982,,,0.034,0.895,0.0,,,19.813,907.342,,3.14,,0.145,,,,0.0,,,884.727,9.89156,909.358,89.53307,2.016,3.923,22.953,885.622,,23.736,909.358,19.813,1.982,,3.991,,89.53307,-5.5499,-494.557,-0.389,-496.9,-496.9,-496.9,-496.511,,0,,-490.566,,1.9540000000000002,,,,0.539,,-17.567,10.489,3.785,3.785,,-0.539,,6.25,0.0,-3.293,,,10.489,-23.278,ASL.L,L,0.034,,,,,,,1.954,,0.638,,,,,,,,,,,,,,,,,,,,,,,,,,,,,,,,,,,,,,,
2019-12-31,2.809,,,0.187,0.895,13.721,,,0.0,1416.678,,0.0,,0.153,,,,0.0,,,1404.905,15.70146,1419.674,89.53307,2.996,13.874,13.721,1405.8,,13.874,1419.674,0.0,2.809,,4.515,,89.85998,2.27562,206.962,-0.387,204.487,204.487,204.487,204.874,,0,,211.477,,2.088,,,,0.365,,-23.038,4.836000000000002,18.044999999999995,18.044999999999995,,-0.365,,-3.75,-9.914,-0.15699999999999997,,,4.836000000000002,-9.008999999999997,ASL.L,L,0.187,,,,,,,2.088,,,,,,,,,,,,,,,,,,,,,,,,,,,,,,,,,,,,,,,,,
2019-06-30,5.965,,,0.344,0.904,17.441,,,0.0,1231.558,,0.0,,0.19,,,,0.0,,,1219.332,13.50344,1237.867,90.36485,6.309,17.631,17.441,1220.236,,17.631,1237.867,0.0,5.965,,4.354,,90.44927,1.05057,96.778,-0.55,95.023,95.023,95.023,95.573,,0,,101.132,,1.205,,,,0.653,,-29.176,13.892,15.569,15.569,,-0.653,,0.0,-2.708,0.285,,,13.892,-25.815,ASL.L,L,0.344,,,,,,,1.205,,0.0,,,,,,,,,,,,,,,,,,,,,,,,,,,,,,,,,,,,,,,
2019-12-31,27.273,,45.61,45.61,1753.84,,,,27.856,2382.645,,0.0,4.161,2.186,,,,3.876999999999999,,,671.399,1.50562,2463.566,1610.795,80.921,10.471,27.856,2425.239,,38.327,2463.566,27.856,31.15,,16.503,,1528.97025,0.03561,56.653,,54.451,54.451,54.07,54.07,,-0.381,,73.156,2.583,2.5829999999999984,,,,3.388,-1.234,19.941999999999993,-67.03699999999998,44.987,-5.203,,-3.388,-0.086,-115.44400000000002,190.115,-2.1939999999999955,54.06999999999999,-3.8799999999999955,-67.03699999999998,-51.340999999999994,INPP.L,L,,,,,,,,,,,,8.285,,,,,,,,,,,,,,,,,,,,,,,,,,,,,,,,,,,,,
2019-06-30,21.521,,47.804,47.804,1561.744,,,,143.3,2311.903,,0.0,0.413,0.0,,,,4.259,10.587,,670.269,1.50276,2385.9,1485.273,73.997,10.587,143.3,2232.013,,153.887,2385.9,143.3,25.78,,13.087,,1484.43334,0.0564,87.272,,83.717,83.717,83.68,83.68,,-0.037,,100.359,3.592,3.5919999999999987,,,,1.311,0.163,91.539,-174.008,45.463,1.45,,-1.311,0.092,143.3,,-36.914,83.68,-39.667,-174.008,-50.45,INPP.L,L,,,,,,,,,,,,,,,,,,,,,,,,,,,,,,,,,,,,,,,,,,,,,,,,,
2019-12-31,3.876,0.965,34.778,34.778,714.28,0.116,,,20.318,845.967,,0.0,1.35,1.707,-0.597,,0.605,0.0,,0.061,146.984,1.36721,886.637,630.213,40.004,4.687,20.434,861.632,,25.005,886.637,20.318,3.876,,,0.021,582.698,0.04625,,-0.974,26.643,26.643,28.243,29.217,,1.6,,26.975,4.292,-2.242,0.326,,-0.028,0.08199999999999996,0.15300000000000002,-70.9,26.868000000000002,-4.306,-1.0310000000000001,0.013000000000000001,-0.89,-0.30600000000000005,-48.557,0.0010000000000047748,-48.64399999999999,26.643,-29.931,26.896,-21.454,BBGI.L,L,,,,,,-6.886,,0.005,,0.353,,2.511,,,,,,,,,,,,,,,,,,,,,,,,,,,,,,,,,,,,,
2019-06-30,3.767,0.689,83.422,83.422,713.688,66.352,,,0.0,845.585,,0.0,0.837,8.242,-0.597,4.073,5.386,0.0,,0.046,142.386,1.35935,939.043,629.836,88.026,78.804,66.352,856.166,,82.877,939.043,0.0,3.767,,,,629.836,0.03979,,-1.055,24.341,24.341,25.741,26.796,,1.4,,42.797,4.175,16.001,0.76,,-0.021,0.639,2.226,104.756,-25.829,-6.608,-2.05,0.008,-0.044,0.659,50.28,73.914,72.978,24.341,-28.907,-25.808,-19.394,BBGI.L,L,,,,,,11.066,,,,0.087,,4.123,,,,,,,,,,,,,,,,,,,,,,,,,,,,,,,,,,,,,
2019-12-31,,,,18.933,624.922,,,,,542.186,,0.0,,,,,,,,,3.102,1.03772,629.927,605.19653,87.741,1.903,0.0,628.024,,1.903,629.927,0.0,68.803,,3.32875,,586.66762,-0.03434,-19.85675,,-20.148,-20.148,-20.148,-20.148,,0,,-16.528,0.23525,0.29125000000000023,,,,,,46.632,-69.846,36.437,20.556,,-0.81,,,65.324,13.222999999999999,-20.148,36.028999999999996,-69.846,-17.882,FSFL.L,L,18.933,,,,,,,0.056,,0.187,,1.716,,,0.005,,,,,,,,,,,,,,,,,,,,,,,,,,,,,,,,,,
2019-06-30,0.0,,,5.71,558.798,,,,,523.215,,0.0,,,,,,74.44,,,42.742,1.09582,603.373,548.94155,80.158,1.833,0.0,601.54,,1.833,603.373,0.0,74.44,,3.14775,,548.94155,0.01712,9.57825,,9.397,9.397,9.397,9.397,,0,,12.726,0.17925,0.18125000000000036,,,,,,-18.115,14.846,-3.303,-19.672,,0.0,,,0.0,-6.572,9.397,6.972,14.846,-18.115,FSFL.L,L,5.71,,,,,,,0.002,,0.187,,1.646,,,0.008,,,,,,,,,,,,,,,,,,,,,,,,,,,,,,,,,,
2019-12-31,23.716,525.748,59.277,61.925,4.55,0.344,,,246.135,996.283,,0.0,,19.777,,0.308,0.33,0.0,,,264.687,1.74715,1082.254,455.01903,85.641,29.56,257.745,794.985,,287.269,1082.254,257.401,23.716,,5.236,,414.77769,0.11511,19.351,-4.31,47.766,47.766,47.766,52.622,-0.546,0,,24.587,4.738,-33.271,-0.022,,,4.186,,55.241,-24.205,12.732,-1.881,,-5.395,,-3.565,76.939,43.768,52.622,-38.009,-24.205,-12.738,DIGS.L,L,,,,,,-37.987,,,,9.439,2.648,,,,,,,,,,,,,,,,,,,,,,,,,,,,,,,,,,,,,,
2019-06-30,14.594,450.658,15.509,18.157,4.137,,,,249.111,919.203,,0.0,,12.293,,0.308,0.308,0.0,,,229.868,1.65516,952.262,413.65363,32.751,18.18,249.111,684.663,,267.599,952.262,249.111,14.594,,4.847,,410.93392,0.10689,18.695,-3.356,43.926,43.926,43.926,47.813,-0.531,0,,23.542,4.849,-29.118000000000002,,,,2.418,,6.6030000000000015,-26.010999999999996,15.136000000000001,1.29,,-2.981,,17.15,4.999000000000002,-4.272,47.812999999999995,-33.96699999999999,-26.010999999999996,-12.565000000000001,DIGS.L,L,,,,,,-33.967,,,,5.887,2.648,,,,,,,,,,,,,,,,,,,,,,,,,,,,,,,,,,,,,,
2020-02-29,166.0,171.0,,123.4,3.2,52.1,16.5,126.2,323.8,83.9,25.8,0.0,,7.2,59.3,21.8,20.7,0.0,390.7,223.4,347.0,-0.31404,1441.9,310.47011,435.2,450.0,450.3,555.4,145.8,886.5,1441.9,398.2,166.0,11.5,,,308.863,0.19297,,-8.4,-38.7,-38.8,-42.0,-33.6,,-3.2,,844.4,,878.0,89.5,1.3,-12.200000000000001,12.2,6.8,-164.5,-23.7,73.8,47.0,16.0,0.0,7.300000000000001,-141.8,-11.3,-107.1,-38.8,48.3,-11.5,-11.399999999999999,CCR.L,L,123.4,0.0,,-36.6,,,0.1,788.5,,,,,,526.7,,,,,,,,,,,,,,,,,,,,,,,,,,,,,,,,,,,
2019-08-31,197.3,165.1,,230.5,3.2,73.9,16.3,153.1,431.0,66.7,26.8,0.0,0.3,9.6,,26.5,13.6,0.0,367.3,210.2,444.9,-0.29964,1569.6,311.70648,582.4,450.8,574.1,576.5,154.3,993.1,1569.6,500.2,197.3,,,,310.478,0.1662,,-8.3,47.8,47.9,53.6,61.9,,5.7,,874.9,,813.0,3.0,1.2,-7.6,5.7,1.2,5.0,-1.8,91.2,15.2,14.3,-0.5,-8.3,35.1,-11.3,86.1,47.9,12.6,5.8,-18.3,CCR.L,L,230.5,-0.7,,-36.7,,,-0.1,810.0,,,,,,516.8,,,,,,,,,,,,,,,,,,,,,,,,,,,,,,,,,,,
2019-02-28,162.6,152.6,,144.4,3.2,55.2,16.9,158.7,390.8,71.4,25.7,0.0,,8.9,56.5,23.3,13.0,0.0,336.3,144.5,413.2,-0.27435,1429.4,309.45404,491.1,400.4,446.0,598.8,184.1,830.6,1429.4,390.8,162.6,10.4,,,310.846,0.11646,,-9.1,27.5,27.3,29.0,38.1,,1.7,,736.2,,698.1,8.0,1.5999999999999999,-14.100000000000001,9.5,4.8999999999999995,-96.0,-14.1,10.099999999999994,-40.6,6.1,0.0,2.0,-79.7,-1.7999999999999998,-98.0,27.299999999999997,15.7,0.0,-14.5,CCR.L,L,144.4,-0.8,,-37.1,,,0.2,690.1,,,,,,525.0,,,,,,,,,,,,,,,,,,,,,,,,,,,,,,,,,,,
2020-05-31,604,9683,6881,6881.0,367,2373,,1168,14870,,,3562.0,1.0,2618,-1961,2249,1085,0.0,,38552,21155.0,24.91029,49817.0,758.0,8222,11858,20805.0,20840.0,362,28977.0,49817.0,14870.0,604,,1896,577,721.0,-4.30589,-1156,-176,-4374.0,-4374.0,-4385.0,-4177.0,-32,-11,,740.0,492,3021.0,1953.0,,-342,,,8336.0,-95,-2721.0,-1024.0,577,-31,8,8154,558,5528.0,-4374,2100,247,-345,CCL.L,L,,,,-8404,,,,-1.0,,1809,,1496,,790,374,,,,,,,,,,,,,,,,,,,,,,,,,,,,,,,,,,
2020-02-29,405,8829,1354,1354.0,366,2196,,1173,9738,,,1004.0,-1.0,4690,-2028,2199,1217,0.0,,39492,25527.0,30.5708,46943.0,685.0,2885,10716,12938.0,24290.0,440,22653.0,46943.0,9738.0,405,,3521,570,684.0,0.43472,1268,-50,-781.0,-781.0,-770.0,-713.0,-7,11,,4789.0,678,1981.0,731.0,,-1326,,,1089.0,-1161,917.0,119.0,570,-25,-7,1470,-12,838.0,-781,1009,165,-344,CCL.L,L,,,,-8404,,,,2.0,,904,,1922,,2176,687,,,,,,,,,,,,,,,,,,,,,,,,,,,,,,,,,,
2019-11-30,444,8807,518,518.0,365,1596,,1174,9675,,,231.0,31.0,4743,-2066,891,782,0.0,,38131,26653.0,31.10965,45058.0,684.0,2059,9127,11502.0,25365.0,427,19693.0,45058.0,9675.0,444,,3077,553,689.0,0.63495,1705,-42,421.0,421.0,436.0,485.0,-7,15,,4782.0,667,1220.0,0.0,,-1981,,,257.0,-1960,1062.0,64.0,553,-34,2,768,-131,-639.0,423,22,21,-346,CCL.L,L,,,,-8394,,,,,2.0,756,,1801,,2912,639,,,,,,,,,,,,,,,,,,,,,,,,,,,,,,,,,,
2019-08-31,441,8798,1153,1153.0,365,1607,,1166,8893,,,238.0,21.0,4686,-2183,881,771,0.0,,36466,26576.0,30.9214,44001.0,687.0,2712,8932,10738.0,25295.0,482,18706.0,44001.0,8893.0,441,,3532,548,691.0,2.58021,3001,-44,1780.0,1780.0,1827.0,1890.0,-19,47,,6533.0,563,1111.0,,,-427,,,-886.0,-399,1245.0,-1139.0,548,-6,-6,-377,-156,-46.0,1780,56,28,-347,CCL.L,L,,,,-8261,,,,,,695,,1706,,2886,615,,,,,,,,,,,,,,,,,,,,,,,,,,,,,,,,,,
2019-05-31,405,8785,1202,1202.0,365,1614,,1172,9080,,,480.0,,5821,-2076,947,784,0.0,,36814,25138.0,29.02754,44512.0,690.0,2835,10377,11174.0,24108.0,501,20404.0,44512.0,9080.0,405,,3159,542,693.0,0.62811,1679,-49,451.0,451.0,459.0,515.0,-7,8,,4838.0,621,1164.0,,,-3021,,,-26.0,-2918,3169.0,1286.0,1059,-43,-5,1027,-316,220.0,787,37,103,-694,CCL.L,L,,,,-8104,,,,1.0,,792,,1670,,2907,727,,,,,,,,,,,,,,,,,,,,,,,,,,,,,,,,,,
2020-03-31,9.6,46,94.9,94.9,38.7,,0,,444.3,2634.3,,0.0,0.0,60.0,,0.4,,6.0,,7.5,2119.0,8.67814,2753.3,253.86791,111.5,60.0,489.8,2203.1,,550.2,2753.3,489.8,15.6,,10.2,,253.8,0.03034,37.8,0.3,7.7,7.7,7.2,6.9,,-0.5,,48.0,15.3,30.900000000000002,,,-0.1,5.3999999999999995,0.0,52.7,12.900000000000006,16.900000000000002,-7.499999999999999,,,,107.70000000000002,-41.89999999999999,82.5,6.899999999999999,18.2,13.0,-13.099999999999998,GPOR.L,L,,,,-0.6,,15.5,,0.1,,,,,-4.2,,1.0,11.7,,,,,,,,,,,,,,,,,,,,,,,,,,,,,,,,,
2019-09-30,7.1,46,12.4,12.4,39.5,,0,,335.1,2646.5,,0.0,0.0,52.9,,2.5,0.0,4.800000000000001,,8.2,2161.1,8.66152,2680.6,259.0999,25.9,52.9,381.0,2244.2,,436.4,2680.6,381.0,11.9,,17.5,,264.6,0.16667,36.9,0.5,44.1,44.1,44.4,43.9,,0.3,,54.4,13.7,-7.0,,,0.0,4.7,3.6,-67.5,-81.2,21.7,-7.2,0.7,0.0,,38.6,-85.9,-127.0,43.9,-15.7,-81.2,-20.2,GPOR.L,L,,,,-2.4,,-20.8,,0.1,,,,,-3.4,,1.6,11.6,,,,,,,,,,,,,,,,,,,,,,,,,,,,,,,,,
2019-03-31,2.9,46,139.4,139.4,41.4,0.0,0,,296.0,2536.9,,0.0,5.6,50.4,,,0.0,7.4,,4.0,2224.0,8.51139,2696.8,271.36589,155.9,50.4,336.7,2309.7,,387.1,2696.8,336.7,10.3,,27.1,,288.33633,0.0548,34.5,0.8,15.8,15.8,15.7,14.9,,-0.1,,61.6,12.3,19.6,0.0,,0.0,7.300000000000001,5.0,-99.60000000000002,34.80000000000001,24.6,-11.5,0.29999999999999993,0.0,,-12.600000000000001,-73.7,-40.19999999999999,14.899999999999999,20.9,34.80000000000001,-13.300000000000004,GPOR.L,L,,,,-1.7,,7.2,,0.1,,,,,,,0.6,,,,,,,,,,,,,,,,,,,,,,,,,,,,,,,,,,
2020-03-31,,,1.762,1.762,548.943,,,,,532.941,,0.0,,,,,,,,,-15.929,0.97493,534.734,546.72003,1.793,1.72,0.0,533.014,,1.72,534.734,0.0,,,2.886,,504.62286,-0.05325,-26.399,,-26.871,-26.871,-26.871,-26.871,,0,,-23.513,0.24,0.472,,,,,,39.722,-36.489000000000004,-3.232,0.126,,-0.884,,,57.157,0.0010000000000000009,-26.871,23.513,-36.489000000000004,-16.551,JLEN.L,L,,,,,,,,0.232,,,,1.72,,,0.031,,,,,,,,,,,,,,,,,,,,,,,,,,,,,,,,,,
2019-09-30,,,1.761,1.761,492.67,,,,,519.965,,0.0,,,,,,,,,27.493,1.04657,521.745,497.01821,1.78,1.582,0.0,520.163,,1.582,521.745,0.0,,,2.736,,497.01821,0.03257,16.587,,16.188,16.188,16.188,16.188,,0,,19.323,0.125,0.3989999999999996,,,,,,-16.364,19.39,-3.114,0.021,,0.0,,,,-0.088,16.188,-19.323,19.39,-16.364,JLEN.L,L,,,,,,,,0.274,,,,1.582,,,0.019,,,,,,,,,,,,,,,,,,,,,,,,,,,,,,,,,,
2019-03-31,,,1.849,1.849,492.67,,,,,520.032,,0.0,,,,,,,,,27.669,1.04692,521.902,497.01821,1.87,1.563,0.0,520.339,,1.563,521.902,0.0,,,2.674,,483.76277,0.07701,37.622,,37.254,37.254,37.254,37.254,,0,,40.296,0.223,0.3679999999999999,,,,,,87.354,-82.64599999999999,-3.0289999999999995,0.012999999999999998,,-1.468,,,105.0,1.6790000000000003,37.254,-40.296,-82.64599999999999,-16.177999999999997,JLEN.L,L,,,,,,,,0.145,,,,1.563,,,0.021,,,,,,,,,,,,,,,,,,,,,,,,,,,,,,,,,,
2020-04-30,60.4,306.2,104.2,104.2,2.8,51.3,24.3,49.9,108.9,,,0.0,0.4,12.9,-15.7,13.8,35.0,0.0,106.8,186.5,23.3,0.54986,637.3,281.88792,256.1,171.0,164.8,314.7,91.1,322.6,637.3,113.5,60.4,1,,4.4,288.37409,0.06207,,-1.4,16.1,16.3,19.0,20.4,,2.7,,191.0,,170.6,,5.2,-19.9,2.3,0.3,74.3,-19.1,52.7,18.7,8.8,-2.3,-0.4,83.7,-0.3,107.5,20.4,-0.4,0.8,-6.8,CHG.L,L,,,0.0625,-2.9,,0.8,,165.4,,,,,,109.8,,,,,,,,,,,,,,,,,,,,,,,,,,,,,,,,,,,
2019-10-31,53.7,306.2,1.3,1.3,2.8,69.2,23.0,51.4,7.8,,,0.0,0.2,11.5,-16.8,12.7,35.1,0.0,68.3,170.0,21.4,0.51977,498.3,280.70129,133.3,149.0,77.0,305.8,78.1,192.5,498.3,7.8,53.7,0,,6.5,292.18614,0.06798,,-2.4,22.3,19.6,22.4,24.8,,2.8,,195.9,,171.1,0.3,7.3,-23.199999999999996,3.3000000000000003,0.6999999999999997,-25.199999999999996,-20.700000000000003,36.2,-1.9,8.200000000000001,-3.3000000000000003,0.0,-18.6,,-9.7,24.8,-2.2,2.5,-3.3,CHG.L,L,,,0.0625,-7.8,,0.6,,163.7,,,,,,108.5,,,,,,,,,,,,,,,,,,,,,,,,,,,,,,,,,,,
2019-04-30,60.0,305.5,6.4,6.4,2.8,64.1,21.7,55.9,26.3,,,0.0,0.1,17.3,-30.9,12.8,33.3,0.0,77.3,160.5,12.4,0.42496,502.5,280.02736,144.7,158.7,90.4,283.0,78.2,219.5,502.5,26.3,60.0,1,,5.6,279.9995,0.00764,,-2.2,-0.4,2.3,4.3,6.5,,2.0,,139.3,,132.8,-0.3,6.2,-21.6,1.6,2.2,-7.6,-21.0,25.7,-1.9,7.6,-1.9,-0.3,0.5,,-3.2,6.5,7.3,0.6,-6.2,CHG.L,L,,,0.0625,-7.8,,0.0,,127.5,,,,,,108.1,,,,,,,,,,,,,,,,,,,,,,,,,,,,,,,,,,,
2020-03-31,250.0,147.6,105.8,112.5,5.7,8.6,101.3,138.9,,4.6,,0.0,0.0,6.2,8.7,35.6,323.0,0.19999999999998863,379.8,375.6,722.7,0.99583,1437.9,567.36732,415.0,394.6,27.9,884.7,52.3,553.2,1437.9,19.3,250.2,,,27.9,574.1,0.11235,,-0.5,44.1,44.3,51.8,52.4,-0.1,7.5,,586.4,,534.0,16.7,6.9,-69.0,0.7999999999999999,1.0999999999999996,-17.6,-159.1,88.1,2.3999999999999986,21.4,-0.09999999999999998,-6.8,-4.699999999999999,-0.29999999999999993,-95.4,44.3,13.1,-90.1,-12.5,QQ..L,L,,2.4,,,,-0.3,-0.2,489.7,,,6.7,,,180.8,,,,,,,,,,,,,,,,,,,,,,,,,,,,,,,,,,,
2019-09-30,178.3,147.6,201.2,201.7,5.7,9.3,87.6,90.0,20.0,4.4,,0.0,1.2,6.2,11.4,28.9,304.4,1.8999999999999773,311.7,333.4,686.1,1.07404,1316.8,566.55205,432.3,327.2,29.3,850.8,49.2,466.0,1316.8,20.0,180.2,,,24.9,570.7,0.07938,,-0.4,62.2,62.2,71.3,71.7,,9.1,,486.5,,414.8,-15.1,4.9,-40.4,0.9,8.9,-31.1,-26.4,67.9,-14.2,20.0,-0.2,0.0,-5.0,-0.4,10.4,62.2,-5.0,14.0,-25.5,QQ..L,L,,2.3,,,,1.0,,404.0,,,0.5,,,152.3,,,,,,,,,,,,,,,,,,,,,,,,,,,,,,,,,,,
2019-03-31,208.5,147.6,190.8,191.3,5.7,10.8,72.7,88.5,20.1,5.4,,0.0,1.9,14.7,3.6,31.2,266.9,1.5,346.6,322.4,619.9,0.9526,1275.1,566.55205,443.3,372.1,30.9,776.8,40.1,498.3,1275.1,20.1,210.0,,,20.6,571.6,0.11582,,0.0,63.8,63.8,70.5,70.6,-0.1,6.7,,490.8,,420.2,2.1,4.5,-39.3,0.7999999999999999,5.8999999999999995,-38.4,-94.1,73.30000000000001,-15.5,20.7,-1.5,-1.0,-24.6,-0.39999999999999997,-60.199999999999996,63.800000000000004,-0.19999999999999973,-54.8,-11.900000000000002,QQ..L,L,,2.2,,,,0.0,,397.5,,,0.5,,,148.6,,,,,,,,,,,,,,,,,,,,,,,,,,,,,,,,,,,
2020-06-30,,3.3,359.7,,42.9,,20.3,123.3,554.9,5890.3,,0.0,,707.1,-96.2,2.8,41.5,,,64.9,1877.6,2.80087,9866.3,608.48944,,,610.6,1827.6,,8038.7,9866.3,610.6,86.9,,,,573.6,-0.02214,,,-12.7,-12.7,-13.8,-13.8,,-1.1,,,121.8,1343.0,,8.2,-14.0,17.6,1.1,204.4,-249.0,129.8,195.3,6.8,-17.6,-4.0,-6.8,279.0,81.2,-13.8,-66.7,-235.0,-50.2,BEZ.L,L,,,,,,18.7,,5.5,,,,,,,,,,,,,1258.6,1649.4,6697.9,327.9,869.1,83.2,,1196.1599999999999,,,,,,,,,,,,,,,391.7,,,,,,
2019-12-31,,3.2,278.5,,38.1,,19.5,122.2,554.8,5572.9,,0.0,,575.7,-94.1,0.0,46.4,,,44.8,1678.1,2.83764,8873.7,529.7,,,594.2,1625.3,,7248.4,8873.7,594.2,72.0,,,,531.4,0.17971,,,95.5,95.5,101.3,101.3,,5.8,,,114.7,1232.8,0.0,7.8999999999999995,-14.200000000000001,15.5,5.6,152.4,-599.1999999999999,424.59999999999997,386.9,6.6,-15.5,7.000000000000001,200.0,-5.3,-15.199999999999996,101.29999999999998,-78.10000000000002,-585.0,-26.799999999999997,BEZ.L,L,,,,,,16.5,,-4.8,,,,,,,,,,,,,1048.0,1338.2,6059.0,235.4,871.0,93.4,,1191.072,,,,,,,,,,,,,,,350.7,,,,,,
2019-06-30,,1.6,293.7,,38.1,,7.8,120.7,353.8,4897.9,,0.0,,557.4,-96.3,1.1,29.2,,,47.4,1608.2,2.70409,8172.7,529.16129,,,397.0,1551.6,,6621.1,8172.7,397.0,76.3,,,,533.4,0.26,,,138.6,138.6,166.4,166.4,,27.8,,,129.6,1136.0,0.0,6.2,-4.4,10.3,1.2,-75.4,-6.6,35.6,20.8,5.9,-10.3,3.8,-5.6,-6.8,-42.6,166.4,-163.7,-2.2,-52.7,BEZ.L,L,,,,,,11.2,,3.7,,,,,,,,,,,,,1107.6,1243.3,5657.8,298.4,693.1,170.3,,1086.8159999999998,,,,,,,,,,,,,,,356.6,,,,,,
2019-12-31,,548.35532,,9.47332,2.18063,,,,,1467.46978,,0.0,,0.92629,,,,,,,924.08283,6.76239,1478.16058,218.06189,,,0.0,1474.61878,,3.54181,1478.16058,0.0,1.21748,,3.32379,,218.73203,0.18255,49.46357,5.65671,39.92931,39.92931,39.92931,34.27259,,0,,52.78736,15.0399,15.19098,,,,,,-25.482000000000006,,28.60614,19.82347,,,,-20,-5.482000000000001,3.1241400000000006,39.92931,-31.14664,,,VEIL.L,L,9.47332,,,,,,,0.15108,,2.61552,,,,,,,,,,,,,,,,,,,,,,,,,,,,,,,,,,,,,,,
2019-06-30,,552.99694,,6.34918,2.18883,,,,,1456.85833,,20.0,,2.35866,,,,,,,884.15352,6.57585,1464.01224,218.88248,,,20.0,1439.33929,,24.67295,1464.01224,0.0,0.80473,,2.30194,,218.88248,0.01471,9.37147,7.93078,3.219,3.219,3.219,-4.71178,,0,,11.67341,14.00711,14.083250000000001,,,,0.76101,,-43.0695,,16.62705,-9.6438,,,,-40,-3.0695,-26.44245,3.219,23.05185,,,VEIL.L,L,6.34918,,,,,,,0.07614,,2.31429,,,,,,,,,,,,,,,,,,,,,,,,,,,,,,,,,,,,,,,
2020-05-02,832,2263,660,660.0,1,842,162,469,280,10,298,0.0,76,245,,719,259,0.0,2017,1354,16.0,-0.8537,7731.0,1162.0,2538,3104,2308.0,2280.0,970,5451.0,7731.0,1466.0,832,,8318.0,,1154.0,-0.0338,-2887.0,-39,-91.0,-91.0,-54.0,5.0,-20,37,,5431.0,,-2892.0,80,,-93,54,15,-211.0,-92,287.0,35.0,186,-58,1,-120,-7,-15.0,5,61,1,-26,DC..L,L,,,,,,,,-2972,,,,,,2803,,,,,,,,,,,,,,,,,,,,,,,,,,,,,,,,,,,
2019-10-26,1021,2263,135,135.0,1,269,153,478,300,17,371,0.0,39,188,-13.0,703,296,0.0,2717,1357,177.0,-0.74934,7922.0,1162.36,2582,3174,1733.0,2428.0,1387,5494.0,7922.0,1464.0,1021,,,,1160.0,0.03966,,-46,-72.0,-70.0,-86.0,-33.0,-7,-16,,4739.0,,4772.0,95,,-98,52,5,-172.0,-100,296.0,180.0,181,-52,5,-63,-5,29.0,-33,-32,-2,-52,DC..L,L,,,,,,,,4677,,,,,,2821,,,,,,,,,,,,,,,,,,,,,,,,,,,,,,,,,,,
2019-04-27,1039,2263,665,665.0,1,562,156,464,288,18,387,0.0,18,169,,900,282,0.0,2350,276,376.0,-0.57241,7145.0,1160.0,2878,3081,930.0,2640.0,1156,4505.0,7145.0,368.0,1039,,,,1159.0,0.19672,,-13,152.0,149.0,181.0,200.0,-6,32,,5540.0,,5340.0,61,,-82,9,21,-38.0,-82,134.0,-157.0,78,-10,-1,-2,0,13.0,200,13,0,-26,DC..L,L,,,,,,,,5279,,,,,,2840,,,,,,,,,,,,,,,,,,,,,,,,,,,,,,,,,,,
2020-03-31,4.399,112.32,51.418,51.418,16.714,4.479,,1.433,397.007,1532.679,0.66,0.0,,10.734,,0.327,0.0,1.3239999999999998,,21.837,1035.861,6.95497,1616.321,167.13853,59.712,37.925,418.672,1163.876,0.412,452.445,1616.321,414.193,5.723,,19.823,,166.02562,-0.01731,45.22,-4.966,-2.874,-2.874,-2.373,2.565,0.028,0.501,,65.043,4.964,42.655,,,-14.241999999999997,5.276000000000001,0.28300000000000003,21.889,-13.605000000000004,37.58599999999999,-4.668,0.901,-0.919,,51.209,-0.014000000000000012,45.87,2.5649999999999977,38.788,0.6370000000000005,-28.387000000000004,BYG.L,L,,,,-1.019,,37.691,,,,4.748,,17.964,-0.908,,2.159,22.745,,,,,,,,,,,,,,,,,,,,,,,,,,,,,,,,,
2019-09-30,4.536,112.335,5.548,5.548,16.713,4.413,,1.433,345.869,1554.696,0.646,0.0,,10.096,,0.228,0.0,1.3410000000000002,,22.333,1066.025,7.13595,1598.604,167.12853,19.496,40.811,367.924,1194.054,0.304,404.55,1598.604,363.511,5.877,,19.05,,167.40064,0.57019,45.22,-4.896,95.45,95.45,95.82,100.663,0.053,0.37,,64.27,5.498,-55.443,,,-49.506,5.755,0.178,-14.22,-34.163,36.029,-5.826,0.974,,,12.232,0.867,-12.354,100.663,-59.782,15.343,-27.319,BYG.L,L,,,,-1.019,,-60.941,,,,9.966,,16.336,-1.3,,7.767,23.633,,,,,,,,,,,,,,,,,,,,,,,,,,,,,,,,,
2019-03-31,4.528,111.514,17.902,17.902,16.667,4.223,,1.433,333.279,1456.598,1.332,0.0,,9.319,,,0.581,1.5020000000000007,,21.713,996.735,6.73484,1520.197,166.66516,38.54,45.872,354.651,1123.897,0.282,396.3,1520.197,350.428,6.03,,19.617,,175.82079,0.37187,43.633,-4.482,65.383,65.383,65.422,69.852,0.052,0.039,,63.25,5.026,-26.219,,,-59.467999999999996,5.243000000000001,0.112,32.992,-58.714999999999996,37.574000000000005,-2.939,1.4089999999999998,-0.367,,60.743,0.257000000000005,11.850999999999999,69.852,-30.747999999999998,0.7530000000000001,-27.641,BYG.L,L,,,,-1.019,,-31.245,,,,15.522,,16.808,-0.992,,14.326,22.705,,,,,,,,,,,,,,,,,,,,,,,,,,,,,,,,,
2019-12-31,166.9,,7.8,76.6,66,72.1,45.3,486.3,249.0,,5.6,0.0,0.8,41.5,-10.7,43.7,30.5,7.0,174.5,319.4,477.8,0.17783,1206.2,263.17803,364.4,288.1,360.4,533.1,113.1,673.1,1206.2,288.3,173.9,,,12.7,262.0,0.00191,,-5.4,7.9,9.0,12.4,19.9,-2.1,3.4,,467.5,,447.6,7.5,12.5,-35.2,8.0,16.700000000000003,-111.7,-41.7,40.10000000000001,-13.8,23.799999999999997,-8.7,-1.4,-86.7,0.2,-114.7,9.0,8.6,-6.5,-16.5,ESNT.L,L,62.6,7.7,,,,,-1.1,427.4,,,6.2,,,,,,,,,,,,,,,,,,,,,,,,,,,,,,,,,,,,,,
2019-06-30,192.9,,8.4,190.1,66,73.9,43.0,493.2,319.9,,6.7,0.0,0.1,55.5,8.0,45.9,30.1,2.299999999999983,197.5,308.9,486.0,0.25399,1342.0,263.00211,503.1,326.9,432.1,560.0,117.7,782.0,1342.0,358.2,195.2,,,11.1,264.8,0.06274,,-7.0,30.5,32.2,53.1,60.1,,20.9,,506.6,,446.5,-22.9,11.3,-23.7,6.6,9.4,8.4,73.7,36.3,-25.2,23.0,-18.3,0.5,64.2,0.2,118.9,32.2,-5.0,97.4,-37.7,ESNT.L,L,176.7,8.0,,,,,-1.7,458.3,,,5.0,,,,,,,,,,,,,,,,,,,,,,,,,,,,,,,,,,,,,,
2019-12-31,261.2,10.5,177.4,177.5,89.6,57.9,8.2,291.0,283.5,17.5,20.1,0.0,6.2,64.3,-75.9,215.0,30.0,0.0,284.4,339.7,302.6,0.02105,1315.7,1430.22497,617.4,406.6,392.3,321.1,172.5,994.6,1315.7,334.4,261.2,,443.7,1.5,1464.04201,0.03497,240.4,-8.2,49.4,56.7,81.4,90.2,-0.6,24.7,,684.1,144.4,150.2,4.3,3.7,-20.1,7.6,19.299999999999997,-69.60000000000001,-21.4,109.5,-11.5,23.1,-9.899999999999999,-0.09999999999999998,-51.99999999999999,0.0,18.4,90.2,4.0,-1.2999999999999972,-7.700000000000003,COA.L,L,,30.4,,-5.7,,,-9.7,0,,,0.1,,,,,,,,,,,,,,,,,,,,,,,,,,,,,,,,,,,,,,
2019-06-30,287.2,10.5,124.1,124.3,89.5,19.6,13.6,293.2,327.8,17.2,16.7,0.0,5.1,58.6,-68.6,231.7,52.9,0.0,300.0,332.9,273.4,0.00413,1326.9,1428.8927,614.0,378.2,393.2,299.1,197.4,1027.8,1326.9,373.6,287.2,,454.4,1.4,1449.2,0.03388,250.2,-8.8,46.3,59.6,85.4,100.8,-6.6,25.8,,704.6,148.2,149.39999999999998,-0.2,4.3,-19.0,7.6,27.0,-41.3,8.4,34.4,-93.4,22.0,-7.5,0.3,-17.6,0.2,1.8,100.8,0.7,27.4,-16.4,COA.L,L,,30.7,,-5.7,,,-10.4,0,,,0.2,,,,,,,,,,,,,,,,,,,,,,,,,,,,,,,,,,,,,,
2019-12-31,,58,2473,2473.0,133,,88,242,335,59346,230,0.0,,6,,60402,43,,836,143,1835.0,0.7775,63738.0,1902.2511,,,335.0,2071.0,,61667.0,63738.0,335.0,424,,105,,1836.0,0.00599,2205,-1471,163.0,11.0,7.0,1809.0,-331,-4,,2310.0,,396.0,,,-5,5,27,-44.0,1600,-1408.0,-1595.0,,-5,0,-8,,148.0,7,180,1605,-31,QLT.L,L,,,,,,,,396,,,,,-160,350,,303,45,,,,,487,,,,,,,,,,,,,,,,,,,,,,,,,,,
2019-06-30,,58,1944,1944.0,133,,91,251,280,56425,281,0.0,,4,,69500,12349,,1720,89,1704.0,0.70811,73529.0,1902.2511,,,280.0,1934.0,,71595.0,73529.0,280.0,1353,,190,,1834.0,-0.01745,5324,-4356,-17.0,-32.0,38.0,4980.0,-586,70,,5514.0,,344.0,,,-8,5,10,-74.0,638,-635.0,-749.0,,-5,1,-8,,-70.0,38,76,646,-61,QLT.L,L,,,,,,,,344,,,,,-87,336,,176,39,,,,,501,,,,,,,,,,,,,,,,,,,,,,,,,,,
2020-03-27,221.5,235.3,87.8,94.5,2.5,43.6,17.3,197.0,511.0,3.0,68.2,0.0,0.1,29.2,-2.8,98.7,124.7,0.0,274.2,527.7,176.0,0.3272,1385.0,250.0,332.2,347.0,554.6,411.0,16.1,974.0,1385.0,511.0,221.5,,502.0,,250.0,0.0908,66.5,-9.4,25.0,25.0,30.8,40.2,,5.8,,568.5,30.1,26.299999999999955,-3.8,8.7,-34.1,8.799999999999999,1.0,-38.1,-38.9,112.6,26.2,42.199999999999996,-9.299999999999999,,-22.700000000000003,,35.6,25.0,10.499999999999998,-4.800000000000001,-6.100000000000001,BIFF.L,L,,,,,,,,,,,6.7,,,132.2,,,,,,,,,,,,,,,,,,,,,,,,,,,,,,,,,,,
2019-09-27,234.4,235.3,52.2,65.1,2.5,43.2,5.3,206.9,500.1,,66.1,0.0,0.1,10.8,0.1,109.5,94.4,0.0,277.5,503.1,132.6,0.1292,1316.9,250.0,315.1,331.5,543.3,370.5,15.5,946.4,1316.9,500.1,234.4,,527.6,,250.0,0.0952,67.0,-8.3,20.6,20.6,25.6,33.9,,5.0,,594.6,29.8,33.10000000000002,3.3,9.2,-26.5,8.4,-0.8,-53.1,-27.9,67.0,-13.6,40.4,-14.4,,-26.5,,-14.0,20.6,10.4,-1.4,-12.2,BIFF.L,L,,,,,,,,,,,12.9,,,131.3,,,,,,,,,,,,,,,,,,,,,,,,,,,,,,,,,,,
2019-03-29,196.2,235.3,66.2,81.9,2.5,31.7,,213.0,387.5,,68.9,0.0,0.1,16.7,-0.4,104.0,81.1,0.5,249.6,365.4,122.8,0.076,1149.7,250.0,293.1,298.0,419.2,360.2,14.4,789.5,1149.7,387.5,196.7,,483.8,,250.0,0.1276,58.2,-12.8,-1.0,-1.0,-2.2,10.6,,-1.2,,542.0,25.6,47.599999999999966,22.0,9.0,-23.8,8.5,0.1,-1.4000000000000021,-49.800000000000004,86.2,10.100000000000001,33.5,-9.899999999999999,,14.2,,35.0,-1.0,34.599999999999994,-25.999999999999996,-5.699999999999999,BIFF.L,L,,,,,,,,,,,15.7,,,128.2,,,,,,,,,,,,,,,,,,,,,,,,,,,,,,,,,,,
2020-06-30,,73.738,89.792,89.792,16.692,,,,,1109.554,,0.0,,1.227,,,,,,,1108.381,17.9552,1200.038,66.76678,90.484,1.227,0.0,1198.811,,1.227,1200.038,0.0,0.692,,5.48,,67.07098,1.24546,84.07,,83.534,83.534,83.643,83.643,,0.109,,89.55,0.427,0.4269999999999996,,,,0.039,0.118,-7.611,,6.392,8.84,,-0.039,2.168,,-7.572,0.949,83.643,-86.091,,,HRI.L,L,,,,,,,,,,,,,,,,,,,,,,,,,,,,,,,,,,,,,,,,,,,,,,,,,
2019-12-31,,73.738,88.843,88.843,16.828,,,,,1033.226,,0.0,,1.215,,,,,,,1032.283,16.68131,1124.064,67.31178,90.838,1.215,0.0,1122.849,,1.215,1124.064,0.0,1.995,,5.503,,67.78796,1.3155,89.752,,89.175,89.175,89.257,89.257,,0.082,,95.255,0.495,0.4950000000000001,,,,0.03899999999999999,-0.013999999999999985,-13.683,,63.468999999999994,63.963,,-0.03899999999999999,-3.1870000000000003,,-13.644,46.599000000000004,89.33599999999998,-89.83000000000001,,,HRI.L,L,,,,,,,,,,,,,,,,,,,,,,,,,,,,,,,,,,,,,,,,,,,,,,,,,
2019-06-30,,73.738,42.244,42.244,17.084,,,,,989.087,,0.0,,3.705,,,,,,,956.496,15.32615,1051.023,68.33538,61.936,3.705,0.0,1047.318,,3.705,1051.023,0.0,19.692,,5.19,,68.4328,2.23368,153.345,,152.857,152.857,153.007,153.007,,0.15,,158.535,0.338,0.3379999999999992,,,,0.117,0.15,-6.81,,-19.874,-20.21,,-0.117,0.068,,-6.693,-26.616,153.084,-152.748,,,HRI.L,L,,,,,,,,,,,,,,,,,,,,,,,,,,,,,,,,,,,,,,,,,,,,,,,,,
2020-01-25,57.2,0.9,10.9,10.9,4.7,3.2,14.5,101.8,,0.9,,0.0,,4.3,,10.5,,0.0,52.4,108.8,202.7,0.95065,297.9,112.02887,86.4,59.9,7.9,208.3,18.3,89.6,297.9,4.7,57.2,,77.8,,112.00944,0.16516,55.4,-0.4,19.0,19.0,23.9,24.3,,4.9,,133.2,,31.10000000000001,-0.4,0.6000000000000001,-6.4,0.2,3.6000000000000005,-15.799999999999997,-6.299999999999999,28.400000000000002,-1.799999999999999,6.299999999999999,-0.2,,-1.6999999999999997,-9.3,6.299999999999999,23.9,-0.6000000000000001,0.09999999999999998,-4.6,BAG.L,L,,,,,,-0.1,,31.6,,,,,,,,,,,,,,,,,,,,,,,,,,,,,,,,,,,,,,,,,
2019-07-27,56.4,0.9,9.0,9.0,4.7,3.0,14.1,102.4,0.0,0.9,,4.4,0.1,2.4,,10.7,,0.0,54.8,106.4,198.7,0.89721,298.8,113.57464,89.1,64.6,12.5,204.3,23.6,94.5,298.8,5.1,56.4,,71.8,,113.0371,0.09997,50.7,-0.3,10.8,10.8,13.5,13.8,,2.7,,122.5,,36.900000000000006,0.4,0.7,-8.4,0.0,4.3,-19.5,-9.4,11.7,-8.8,5.4,0.0,,-1.6,-3.5,-17.2,13.5,0.9,-1.0,-14.4,BAG.L,L,,,,,,0.1,,36.4,,,,,,,,,,,,,,,,,,,,,,,,,,,,,,,,,,,,,,,,,
2019-01-26,57.7,0.9,21.8,21.8,4.7,0.0,13.3,103.1,0.0,,,0.0,,4.8,,13.5,,0.0,56.9,95.3,204.2,0.93642,298.3,113.94464,99.9,61.7,0.0,209.8,20.4,88.5,298.3,0.0,57.7,,78.2,,113.73821,0.19431,63.9,-0.4,21.3,21.3,26.3,26.7,,5.0,,142.1,,37.2,0.7,0.7,-6.1000000000000005,0.1,4.3999999999999995,-21.299999999999997,-6.1000000000000005,32.5,0.6999999999999993,3.7,-0.1,,-12.6,-4.199999999999999,5.1,26.3,1.1,0.0,-4.399999999999999,BAG.L,L,,,,,,,,36.5,,,,,,,,,,,,,,,,,,,,,,,,,,,,,,,,,,,,,,,,,
2020-04-30,3.325,811.635,57.179,57.179,34.58,0.079,,,,1100.973,,,,,,,,0.0,,1.699,332.373,426.35549,1163.176,2.723,60.504,2.21,0.079,1160.966,,2.21,1163.176,,3.325,,,,2.71283,13.06534,,,35.444,35.444,36.117,36.117,,0.673,,41.055,,4.938,,,-1.699,,1.005,21.899,-2.942999999999998,3.165,-3.633,,,-0.46199999999999997,,140.515,21.659,66.416,-59.618,-1.2439999999999998,-14.639,PNL.L,L,,,,-17.622,,,,4.938,,2.131,,,,,,,,,,,,,,,,,,,,,,,,,,,,,,,,,,,,,,,
2019-10-31,,,,,,,,,,1042.703,,0.0,59.835,,1102.538,,,,,,,415.16534,1102.538,2.65566,59.835,,0.0,1102.538,,,1102.538,0.0,,,,,2.52315,11.88317,,,29.983,29.983,30.299,30.299,,0.316,,34.893,,4.594,,,,,,103.977,-94.851,2.635,2.635,,103.977,0.154,,,11.915,,,-94.851,,PNL.L,L,,,,,,,,4.594,,,,,,,,,,,,,,,,,,,,,,,,,,,,,,,,,,,,,,,,,
2019-04-30,1.801,,23.605,23.605,,1.537,,,,946.459,,0.0,,,968.579,,,0.0,,,,404.87694,971.865,2.39228,25.406,3.286,1.537,968.579,,3.286,971.865,0.0,1.801,,,,2.34472,12.25435,,,28.733,28.733,29.279,29.279,,0.546,,33.515,,4.236,,,,,,34.419,-47.86600000000001,3.0379999999999994,3.0379999999999994,,34.419,-0.07500000000000001,,,-10.484000000000002,,,-47.86600000000001,,PNL.L,L,,,,,,,,4.236,,1.749,,,,,,,,,,,,,,,,,,,,,,,,,,,,,,,,,,,,,,,
2019-12-31,1090.492,3.942,217.881,217.881,9.27,56.606,11.698,175.67,60.74,0.054,,0.0,3.218,222.946,14.028,13.982,12.724,0.0,,212.325,578.885,2.77632,1916.868,114.14111,1516.095,1257.772,197.538,492.562,122.189,1424.306,1916.868,140.932,1090.492,,2263.142,,114.507,0.55376,362.623,-3.087,63.808,63.714,90.109,93.196,,26.395,,2625.765,269.427,269.42700000000013,,5.956999999999999,-22.855999999999998,3.075,16.177000000000003,-87.97199999999998,-8.088999999999999,203.139,48.687,51.166000000000004,-2.865,-3.5109999999999997,-65.056,-8.653,103.56700000000001,90.10900000000001,7.220000000000001,14.767,-11.398000000000003,CCC.L,L,,-0.078,,-113.563,,,0.094,,,978.22,,,,,82.315,,,,,,,,,,,,,,,,,,,,,,,,,,,,,,,,,,
2019-06-30,947.091,3.942,114.314,119.314,9.27,54.435,12.391,188.169,68.01,0.057,,0.0,4.027,191.127,32.761,13.47,12.151,0.0,,213.296,527.304,2.40965,1696.344,114.14111,1282.671,1028.247,233.445,463.209,126.144,1233.135,1696.344,179.01,947.091,,2126.523,,113.831,0.33635,300.491,-2.979,37.847,37.847,50.849,53.828,,13.002,,2427.014,246.663,246.663,,5.586,-16.013,3.971,18.054,-58.889,-22.675,-1.126,-74.201,10.556,-3.971,-3.438,-29.045,-1.507,-86.128,50.849,6.084,-6.662,-24.366,CCC.L,L,,0.017,,-110.068,,,0.0,,,782.685,5.0,,,,86.095,,,,,,,,,,,,,,,,,,,,,,,,,,,,,,,,,,
2020-03-31,4.187,,,26.226,40.312,,,,130.167,855.12,,0.0,,,,,,0.0,,,701.274,4.59904,885.533,161.24808,30.413,13.78,130.167,741.586,,143.947,885.533,130.167,4.187,,3.036,,161.24808,-0.41565,-66.114,,-67.022,-67.022,-66.473,-66.473,,0.549,,-63.078,0.359,0.359,,,,0.687,,8.545,12.481,2.289,2.289,,,-0.162,16.607,,23.153,,,12.481,-8.062,JFJ.L,L,26.226,,,,,,,,,13.78,,,,,,,,,,,,,,,,,,,,,,,,,,,,,,,,,,,,,,,
2019-09-30,3.112,,,3.073,40.312,,,,97.041,923.818,,0.0,,,,,,0.0,,,776.358,5.06468,930.003,161.24808,6.185,16.292,97.041,816.67,,113.333,930.003,97.041,3.112,,3.019,,161.24808,0.50915,82.959,,82.1,82.1,82.592,82.592,,0.492,,85.978,0.367,0.367,,,,0.715,,0.0,-30.33,3.206,3.206,,,0.015000000000000006,0.0,,-27.109,,,-30.33,0.0,JFJ.L,L,3.073,,,,,,,,,16.292,,,,,,,,,,,,,,,,,,,,,,,,,,,,,,,,,,,,,,,
2019-03-31,3.417,,,30.182,40.312,,,,89.608,810.064,,0.0,,,,,,0.0,,,694.258,4.55553,843.663,161.24808,33.599,19.485,89.608,734.57,,109.093,843.663,89.608,3.417,,2.833,,161.24808,-0.67541,-108.028,,-108.908,-108.908,-108.333,-108.333,,0.575,,-105.195,0.305,0.3049999999999997,,,,0.723,,-42.574,63.033,2.515,2.515,,,-0.07,-34.512,,22.904,,,63.033,-8.062,JFJ.L,L,30.182,,,,,,,,,19.485,,,,,,,,,,,,,,,,,,,,,,,,,,,,,,,,,,,,,,,
2020-03-31,,68.5,,1206.8,261.7,1.6,0,6.1,6412.2,,12506.1,6919.9,,0.0,2.6,228.7,4.2,,,65.8,822.1,3.70981,14689.2,256.48191,,,13338.5,1122.0,,13567.2,14689.2,6417.0,118.5,,108.4,,257.4,0.25675,151.0,,44.5,44.5,57.1,57.1,,12.6,,259.4,,93.9,27.7,1.0,-1.2,,36.5,-213.3,-1.1,196.6,165.6,1.7,,,-177.9,0.5,-17.8,57.1,-28.8,0.1,-35.9,PAG.L,L,1206.8,,,-32.9,,0.2,,66.0,,,,,,164.4,,,,,,,,617.3,,,,,,,,,,,,,,,,,,,,,,,,,,,
2019-09-30,,68.3,,1225.4,261.6,,0,6.7,6647.4,,12186.1,6396.8,,15.2,3.0,227.7,6.2,,,57.3,816.0,3.90635,14395.5,239.94292,,,13044.2,1108.4,,13287.1,14395.5,6647.4,92.8,,114.9,,264.0,0.2625,160.6,,69.3,69.3,87.0,87.0,,17.7,,275.5,,73.6,,1.0999999999999999,-1.8,,17.799999999999997,-77.19999999999999,9.600000000000001,220.59999999999997,169.99999999999997,0.7,,,-28.299999999999955,-30.799999999999997,153.0,87.0,-38.2,11.4,-18.1,PAG.L,L,1225.4,,,-40.5,,7.3,,66.3,,,,,,164.4,,,,,,,,656.6,,,,,,,,,,,,,,,,,,,,,,,,,,,
2019-03-31,,66.1,0.0,1072.0,281.8,,0,6.8,7495.0,,12525.6,5879.3,,17.5,2.6,175.2,5.4,,,63.6,839.4,3.50852,14654.0,260.96475,,,13374.3,1087.0,,13567.0,14654.0,7495.0,45.9,,109.8,,264.6,0.21958,149.3,,58.1,58.1,72.0,72.0,,13.9,,259.1,,77.3,,1.3,-1.3,,21.6,-414.1,-1.3,177.3,182.9,0.8,,,-378.6,0.4,-238.1,72.0,-79.7,0.0,-35.9,PAG.L,L,1072.0,,,-102.9,,7.8,,69.5,,,,,,164.6,,,,,,,,770.1,,,,,,,,,,,,,,,,,,,,,,,,,,,
2019-12-31,7.561,,25.894,25.894,7.994,,,,308.366,1314.973,20.816,0.0,5.235,0.0,-0.217,2.336,0,0.1120000000000001,,,1038.915,1.3094,1374.591,799.36611,38.802,17.197,308.366,1046.692,,327.899,1374.591,308.366,7.673,,3.947,,799.36611,-0.02812,-1.291,,-22.475,-22.475,-21.541,-21.541,,0.934,,2.656,8.576,20.25,0.0,,,5.228999999999999,1.158,-23.981,2.6610000000000014,17.26,-8.789000000000001,,,,,,-4.060000000000002,-18.196,44.245,2.6610000000000014,-23.981,BCPT.L,L,,,,,,10.874,,0.8,,17.197,,,,,,,,,,,,,,,,,,,,,,,,,,,,,,,,,,,,,,,
2019-06-30,5.979,,29.954,29.954,7.994,,,,308.191,1361.685,20.204,0.0,0.0,0.087,-0.248,2.366,0,0.0,,,1082.043,1.36332,1417.822,799.36611,35.933,17.476,308.191,1089.789,,328.033,1417.822,308.191,5.979,,2.114,,799.36611,-0.00416,6.915,,-3.328,-3.328,-3.345,-3.345,,-0.017,,9.029,4.281,10.260000000000002,,,,5.32,0.918,-23.981,23.904,19.904,-5.104,,,,,,19.827,-3.345,28.353,23.904,-23.981,BCPT.L,L,,,,,,5.444,,0.535,,17.389,,,,,,,,,,,,,,,,,,,,,,,,,,,,,,,,,,,,,,,
2019-11-30,,204.133,4.953,4.953,1.129,,,,,1039.327,,0.0,,93.43,,,,,,,748.9,8.45324,1047.592,112.87533,8.265,93.43,0.0,954.162,,93.43,1047.592,0.0,3.312,,4.519,,112.86591,0.28564,33.022,,32.239,32.239,32.44,32.44,,0.201,,37.541,,0.5819999999999999,,,,-0.609,-0.052,10.649,-19.096,-3.09,-2.429,,,-0.036,10,0.649,-11.573,,,-19.096,,JEO.L,L,,,,,,,,0.582,,,,,,,,,,,,,,,,,,,,,,,,,,,,,,,,,,,,,,,,,
2019-05-31,,203.485,16.526,16.526,1.128,,,,,993.346,,,-0.1,87.674,,,,,,,722.869,8.22233,1015.156,112.80033,21.81,87.674,,927.482,,87.674,1015.156,,5.384,,11.268,,112.79923,0.7804,89.24,,88.029,88.029,88.916,88.916,,0.887,,100.508,,0.32399999999999984,,,,-0.532,-0.9569999999999999,7.668,-1.5469999999999997,2.9240000000000004,4.413,,,0.11299999999999999,15,0.0,9.158000000000001,,,-1.5469999999999997,-7.332,JEO.L,L,,,,,,,,0.324,,,,,,,,,,,,,,,,,,,,,,,,,,,,,,,,,,,,,,,,,
2019-12-31,5.0,99.7,121.9,194.9,21.2,15.4,,0.0,93.1,1067.0,,0.0,,,,19.3,,27.299999999999997,26.0,1.1,1020.5,1.07728,1295.7,1059.1446,227.2,41.4,108.5,1141.4,,154.3,1295.7,93.1,32.3,,,0.2,1059.1446,-0.03322,,-1.5,-28.4,-29.4,-29.3,-27.8,,0.1,,-14.4,21.5,13.4,-10.6,0.19999999999999998,0.6000000000000001,,,-8.5,21.2,-1.9000000000000004,13.7,-0.30000000000000004,,0,-8.8,-0.30000000000000027,10.799999999999999,-27.800000000000004,12.300000000000004,20.6,,IPO.L,L,,0.5,,,,,1.0,2.3,0.1,,73,,,0.4,,,,,,,,,,,,,,,,,,,,,,,,,,,,,,,,,,,
2019-06-30,7.1,684.7,111.1,161.1,21.2,15.4,,0.2,100.6,1149.2,,0.0,,,,19.1,,0.0,12.4,1.9,462.0,1.10212,1319.9,1059.1446,168.2,27.8,116.0,1167.9,,152.0,1319.9,100.6,7.1,,,0.1,1059.1446,-0.04447,,-0.9,-47.1,-49.5,-49.5,-48.6,,0.0,,-32.2,19.9,16.4,0.0,0.1,-1.3,,,-5.1,2.6,-15.4,-1.7,1.5,-0.6,0,-7.7,3.2,-17.9,-48.6,33.3,3.9,,IPO.L,L,,4.5,,,,,2.4,-3.6,0.0,,50,,,0.4,,,,,,,,,,,,,,,,,,,,,,,,,,,,,,,,,,,
2020-04-30,27.4,60.6,14.6,14.6,2.1,12.2,73.2,,436.8,1469.6,0.2,0.0,0.8,2.5,11.1,1.2,1.6,0.0,49.9,84.6,879.8,4.53147,1599.1,210.43922,43.1,64.6,518.7,953.6,0.3,645.5,1599.1,506.5,27.4,,27.5,,211.2,0.42547,51.8,-6.1,89.5,89.5,99.7,105.8,0.0,10.2,,79.3,9.6,-54.0,0.4,,-0.6,7.4,2.6,-3.4,-51.0,35.7,-8.7,0.4,-0.5,0.1,18.9,0.0,-18.6,99.7,-55.7,-50.4,-21.8,SAFE.L,L,,,,,,-64.0,,,,,,,,,,,,,,,,,,,,,,,,,,,,,,,,,,,,,,,,,,,
2019-10-31,22.6,60.6,33.2,33.2,2.1,9.7,64.7,,413.0,1348.5,0.2,0.0,,2.7,9.8,0.6,0.3,0.0,40.6,65.9,813.4,4.21014,1471.0,210.42042,56.1,53.0,476.5,885.9,0.3,585.1,1471.0,466.8,22.6,,27.4,,211.6,0.46172,51.3,-8.2,97.7,97.7,109.1,117.2,0.1,11.4,,78.7,10.4,-65.9,0.0,,-0.4,7.1,2.5,10.6,-32.099999999999994,36.3,-7.299999999999999,0.29999999999999993,-1.1,-0.2,26.2,0.1,14.6,109.10000000000001,-65.8,-31.7,-14.600000000000001,SAFE.L,L,,,,,,-76.3,,,,,,,,,,,,,,,,,,,,,,,,,,,,,,,,,,,,,,,,,,,
2019-04-30,28.1,60.5,18.6,18.6,2.1,9.1,56.2,,384.5,1238.7,0.5,0.0,,2.3,10.4,0.7,0.8,0.0,47.1,62.2,725.5,3.79557,1349.1,210.37682,46.9,58.5,444.3,798.5,0.2,550.6,1349.1,435.2,28.1,,26.4,,210.2,0.16365,46.7,-7.7,34.4,34.4,38.2,45.9,0.0,3.8,,73.1,8.7,0.8000000000000007,0.0,,-0.5,6.6,2.8,-4.1,-17.8,30.3,-10.1,0.4,0.0,-0.3,16.3,0.0,8.1,38.2,1.8,-17.3,-20.4,SAFE.L,L,,,,,,-7.9,,,,,,,,0.0,,,,,,,,,,,,,,,,,,,,,,,,,,,,,,,,,,,
2020-01-31,,,130.61616,130.61616,2202.68702,,,,,2065.5198,,0.0,,,,,8.44585,,1.80251,,,27.581,2204.58181,79.86249,130.61616,1.89479,0.0,2202.68702,,1.89479,2204.58181,0.0,,,4.71504,,79.86249,1.784,-3.63855,,142.47478,142.47478,142.47478,142.47478,,,,1.07649,0.24798,-146.11333,,,,,,0.0,,43.370079999999994,48.48638,,,,0.0,,43.370079999999994,142.47478000000004,-147.59106999999997,,,HVPE.L,L,,,,,,-146.87292,,0.51162,,0.09228,,,,,,,,,,,,,,,,,,,,,,,,,,,,,,,,,,,,,,,
2019-07-31,,,87.24608,87.24608,2060.21224,,,,,1965.40773,,0.0,,,,,9.15209,,1.50123,,,25.79699,2061.8059,79.86249,87.24608,1.59366,0.0,2060.21224,,1.59366,2061.8059,0.0,,,4.79112,,79.86249,1.70614,-3.80415,,136.25659,136.25659,136.25659,136.25659,,,,0.98697,0.43395,-140.06074,,,,,,0.0,,-69.32448,-63.85584,,,,0.0,,-69.32448,136.25659,-141.72524,,,HVPE.L,L,,,,,,-140.95537,,0.46067,,0.09243,,,,,,,,,,,,,,,,,,,,,,,,,,,,,,,,,,,,,,,
2019-01-31,,,156.57056,156.57056,1923.95565,,,,,1760.18199,,0.0,,,,,9.7455,,2.40384,,,24.09085,1926.49805,79.86249,156.57056,2.5424,0.0,1923.95565,,2.5424,1926.49805,0.0,,,4.62029,,79.86249,1.16378,-2.652,,92.94222,92.94222,92.94222,92.94222,,,,1.96829,0.05838,-95.59421999999999,,,,,,,,-35.909850000000006,-31.92750999999999,,,,,,-35.909850000000006,92.94223,-96.92455000000001,,,HVPE.L,L,,,,,,-96.26201,,0.60941,,0.13856,,,,,,,,,,,,,,,,,,,,,,,,,,,,,,,,,,,,,,,
2019-12-31,14.78,361.989,,30.04,32.333,50,,,149.704,1701.573,,0.0,,7.634,,,,0.0,,,1144.733,11.90003,1746.393,129.332,44.82,57.634,199.704,1539.055,,207.338,1746.393,149.704,14.78,,5.825,,128.99115,0.18739,27.47,,24.172,24.172,26.459,26.459,,2.287,,33.295,,1.0110000000000001,,,,2.1759999999999997,0.537,-25.000999999999998,-0.753,33.268,29.241,,,-0.147,0,5.922000000000001,7.367000000000001,28.701999999999998,-24.67500000000001,-0.753,-30.922999999999995,MYI.L,L,30.04,,,,,,,1.011,,,,,,,,,,,,,,,,,,,,,,,,,,,,,,,,,,,,,,,,,
2019-06-30,17.015,356.188,,22.673,32.212,50,,,149.654,1703.076,,0.0,,3.226,,,,0.0,,,1151.484,11.95121,1742.764,128.84758,39.688,53.226,199.654,1539.884,,202.88,1742.764,149.654,17.015,,5.582,,128.70944,1.15473,153.057,,148.625,148.625,151.959,151.959,,3.334,,158.639,,1.0979999999999999,,,,2.007,0.004,-13.329,0.241,28.134,26.284,,,,15,8.312,15.046,153.993,-152.143,0.241,-36.641,MYI.L,L,22.673,,,,,,,1.098,,,,,,,,,,,,,,,,,,,,,,,,,,,,,,,,,,,,,,,,,
2019-12-31,,172.6,115.9,,13.2,,8.0,87.7,245.3,583.4,,0.0,,3.2,,35.4,5.6,,,22.6,456.3,0.12764,3180.0,661.25373,,,256.0,642.1,,2537.9,3180.0,256.0,30.1,,,9.1,661.4,0.04763,,-4.1,31.5,31.5,36.0,39.9,0.2,4.5,,,96.1,330.1,,6.4,-11.799999999999999,3.7,14.100000000000001,-35.3,-22.8,68.1,20.5,2.6999999999999997,-3.7,,-1.9,-0.09999999999999998,10.0,31.5,7.000000000000002,-11.0,-29.599999999999994,HSTG.L,L,45,,,,,,,0,,,,52.5,-17.4,470,,40,,,,,377.7,1407.7,2182.8,,224.9,4.5,,350.88,,,,,,,,,,,,,,,34.3,,,,,,
2019-06-30,,172.6,150.9,,13.2,,6.6,81.6,244.8,567.5,,0.0,,28.8,,20.5,4.7,,,23.2,451.7,0.1299,3177.8,661.25373,,,244.8,637.5,,2540.3,3177.8,244.8,23.7,,,8.7,658.8,0.05798,,-3.8,38.2,38.2,46.1,50.3,-0.4,7.9,,,96.4,319.3,,5.6,-10.6,3.8,13.7,-65.0,-8.0,77.9,21.9,3.1,-3.8,,-1.5,-0.2,4.9,38.2,9.1,2.6,-59.5,HSTG.L,L,0,,,,,,,0,,68.3,,53.4,0.0,470,,0,,,,,398.9,1418.7,2117.9,,214.2,4.2,,350.784,,,,,,,,,,,,,,,35.0,,,,,,
2019-12-31,574.5,2.2,,412.6,6.8,31.1,128.5,1182.2,1148.5,19.2,21.6,0.0,18.4,93.4,,171.0,25.1,13.700000000000045,611.2,876.4,1155.6,-0.03383,3510.8,520.26914,1386.3,735.7,1317.6,1164.6,367.1,2346.2,3510.8,1286.5,588.2,,1461.8,,519.7,0.16517,241.2,-27.2,83.1,84.7,108.3,135.5,0.0,23.6,,1703.0,104.6,105.70000000000005,0.0,,-71.1,31.400000000000002,34.1,-32.29999999999998,-70.7,228.2,-21.30000000000001,113.5,0,1.1999999999999997,-16.599999999999994,,126.4,84.69999999999999,51.3,0.40000000000000013,-15.700000000000003,TIFS.L,L,411.7,24.5,,,,0.4,-1.6,0.7,,,0.9,,,,,,,,,,,,,,,,,,,,,,,,,,,,,,,,,,,,,,
2019-06-30,595.8,2.2,,286.2,6.8,40.7,130.8,1201.1,1137.8,18.7,15.8,0.0,7.0,81.6,,198.8,37.2,6.100000000000023,584.5,848.3,1091.8,-0.19278,3409.2,520.26914,1288.1,706.8,1290.1,1100.8,393.0,2308.4,3409.2,1249.4,601.9,,1460.9,,520.6,0.12038,247.2,-27.5,58.5,59.9,93.4,123.4,-2.5,33.5,,1708.1,132.1,123.79999999999995,,,-88.0,31.7,45.6,-96.9,-86.3,106.2,-136.1,116.4,-1,2.2,-65.0,,-74.8,59.9,66.0,1.7,-30.9,TIFS.L,L,285.3,22.6,,,,-0.9,-1.4,-7.4,,,0.9,,,,,,,,,,,,,,,,,,,,,,,,,,,,,,,,,,,,,,
2020-03-31,90.00833,,37.5817,37.5817,1719.06551,,,,,1551.49243,,35.0,6.62948,47.70648,,,,0.0,,,-119.20024,0.96688,1685.71194,1654.67145,134.21951,85.84667,35.0,1599.86527,,85.84667,1685.71194,0.0,90.00833,,9.03187,,1424.27301,-0.07953,-112.87106,0.4245,-113.27084,-113.27084,-113.27084,-113.47506,-0.22028,,,-103.83919,0.604,0.604000000000001,,,,3.1354599999999997,,221.48708,,-208.78848,-309.52844,,-3.1354599999999997,0.16169,-28.137570000000004,296.08718,12.86029,-113.27084,214.01080000000002,,-43.32707,SEQI.L,L,,,,,,,,,,3.14019,,,,,,,,,,,,,,,,,,,,,,,,,,,,,,,,,,,,,,,
2019-09-30,62.48278,,24.72141,24.72141,1422.44953,,,,,1446.93821,,63.4,8.9782,16.59272,,,,0.0,,,37.39767,1.04999,1543.1206,1390.34619,96.18239,83.27341,63.4,1459.84719,,83.27341,1543.1206,0.0,62.48278,,8.32795,,1172.50524,0.04086,50.08059,-1.3616,47.90943,47.90943,47.90943,49.51482,-0.2438,,,58.40854,0.56577,0.5657700000000006,,,,3.08576,,258.48645,,-262.36377,-265.15311,,-3.08576,0.96531,-52.79972,349.99208,-2.91201,47.90943,-45.12009,,-35.62015,SEQI.L,L,,,,,,,,,,3.28069,,,,,,,,,,,,,,,,,,,,,,,,,,,,,,,,,,,,,,,
2019-03-31,60.52248,,27.63341,27.63341,1072.03103,113.87516,,,0.0,1118.04582,,0.0,10.59825,3.42076,,,,0.0,,,25.10839,1.02683,1216.79996,1068.47632,98.75415,119.66054,113.87516,1097.13942,,119.66054,1216.79996,0.0,60.52248,,6.14704,,1046.16198,0.04018,43.07664,-0.26634,42.03152,42.03152,42.03152,42.43461,-0.13674,,,49.22368,0.64204,0.6420300000000001,,,,1.6660700000000002,,213.84233999999998,,-189.36521,-216.40947000000003,,-1.6660700000000002,-0.7368,-1.9439899999999994,249.27165000000002,23.74033,42.03152,-14.98726,,-31.819259999999996,SEQI.L,L,,,,,,,,,,2.36462,,,,,,,,,,,,,,,,,,,,,,,,,,,,,,,,,,,,,,,
2019-11-30,139.8,,,41.8,4.3,,66.1,350.9,178,37.5,14.5,0.0,1.3,40.3,-103.7,12.4,50.2,8.0,142.7,124.1,510.2,0.13972,886.5,428.72496,309.3,183.0,187.9,410.8,118.4,475.7,886.5,187.9,147.8,,186.9,,418.355,0.05952,106.4,-2.3,29.7,28.6,34.7,37.0,,6.1,,293.3,77.9,69.4,-8.5,3.2,-2.8,2.8,11.9,-53.3,32.6,9.7,-24.9,9.2,-0.4,-1,-29.4,,-12.0,34.9,-12.7,35.4,-23.5,PZC.L,L,39.7,26.3,,,,0,0.9,,,,2.1,,,,,,,,,,,,,,,,,,,,,,,,,,,,,,,,,,,,,,
2019-05-31,157.5,,,53.8,4.3,2.0,72.1,369.2,204,35.6,0.0,0.0,1.6,35.0,-86.4,11.9,46.7,2.0999999999999943,170.6,148.8,505.5,0.12642,947.2,428.72496,346.9,207.6,206.0,423.4,131.9,523.8,947.2,204.0,159.6,,201.0,,418.341,0.15036,122.8,-4.2,7.0,4.6,8.3,12.5,,3.7,,323.8,85.4,110.30000000000001,24.9,3.1,-7.0,4.2,5.500000000000001,-32.300000000000004,-3.5,39.60000000000001,-1.9000000000000004,8.2,0.0,0,-21.2,0.0,3.799999999999997,10.3,19.9,3.5,-11.100000000000001,PZC.L,L,50.6,28.2,,,,0,0.4,,,,3.2,,,,,,,,,,,,,,,,,,,,,,,,,,,,,,,,,,,,,,
2019-12-31,12.758,130.26,153.029,158.25,0,13.316,7.92,18.036,664.945,36.509,,0.0,3.541,47.326,7.439,360.407,7.014,15.065000000000001,10.466,1331.651,243.233,8.46127,1585.141,42.45934,191.931,71.108,678.261,377.296,2.317,1207.845,1585.141,664.945,27.823,,,20.733,42.414,0.65473,,-19.627,27.331,36.387,34.199,56.132,-2.005,-2.188,,202.419,0.923,146.287,0.374,,-41.362,23.673000000000002,1.789,-10.793,-41.459,54.907,-21.181,20.733000000000004,-3.7460000000000004,-5.841,0.16499999999999915,,-3.186,36.387,18.968,-0.09699999999999953,-7.211999999999998,PPH.L,L,,103.465,,-3.636,-0.301,,-9.056,124.257,,,5.221,,,,,,,,,,,,,,,,,,,,,,,,,,,,,,,,,,,,,,
2019-06-30,24.447,130.161,156.215,161.181,0,15.322,5.86,20.247,674.875,35.939,,0.0,3.381,49.429,23.417,361.629,1.981,15.038999999999998,19.46,1338.339,223.191,8.32314,1603.224,42.39819,206.718,84.211,690.197,373.133,2.67,1230.091,1603.224,674.875,39.486,,,21.016,42.368,0.14782,,-18.807,6.584,6.195,4.278,25.133,-2.048,-1.917,,155.273,0.851,130.14,-0.494,,-43.642,20.991,-0.784,-19.25,-57.453,25.244,-21.005,21.016,-0.34,0.014,-9.405,,-51.445,6.195,19.038,-13.811,-9.505,PPH.L,L,,103.516,,-3.636,,,0.389,108.767,,,4.966,,,,,,,,,,,,,,,,,,,,,,,,,,,,,,,,,,,,,,
2020-03-31,5.8,106.3,76.4,76.4,84.2,,,,926.7,2327.7,,0.0,6.5,24.3,,4.7,,0.9000000000000004,,0.4,1241.3,1.70149,2418.8,841.49802,90.7,42.6,932.6,1431.8,,987.0,2418.8,932.6,6.7,,0.6,,838.6,0.00537,59.3,-12.6,4.5,3.8,4.0,17.7,-1.1,0.2,,59.9,8.1,41.6,0.0,,-8.8,13.0,0.2,-24.900000000000006,24.0,34.2,-16.8,,-0.20000000000000018,,9.900000000000034,-4.300000000000001,33.300000000000004,3.999999999999999,47.00000000000001,32.80000000000001,-30.299999999999997,LMP.L,L,,7.1,,,,33.5,0.7,,,4.2,,14.1,,,1.1,,,,,,,,,,,,,,,,,,,,,,,,,,,,,,,,,,
2019-09-30,3.4,103.3,38.0,38.0,84.0,,,,916.8,2380.3,,0.0,11.6,28.7,,4.1,0.0,0.6000000000000001,,0.4,1273.0,1.73856,2436.6,839.94578,55.9,41.6,922.8,1460.3,,976.3,2436.6,922.8,4.0,,0.6,,769.8,0.06105,52.9,-13.4,-10.2,-10.7,-10.7,3.9,-1.2,0.0,,53.5,7.7,49.0,57.2,,-9.3,11.0,0.0,240.6,-223.2,10.5,-23.2,,-2.3,,273.9,-2.9,27.9,-10.7,44.4,-213.9,-28.1,LMP.L,L,,7.8,,,,-15.9,0.5,,,2.8,,10.1,,,2.3,,,,,,,,,,,,,,,,,,,,,,,,,,,,,,,,,,
2019-03-31,4.68,100.753,14.905,14.905,69.999,,,,558.951,1786.859,,0.0,5.7,23.323,,1.551,0.0,0.10099999999999998,,0.402,1046.037,1.73829,1813.689,699.99184,26.428,36.398,558.951,1216.789,,596.9,1813.689,558.951,4.781,,0.716,,695.945,0.05805,42.799,-12.301,40.398,40.398,40.225,53.538,-1.012,-0.173,,43.515,6.787,-10.738999999999999,,,-14.659999999999998,8.312000000000001,-0.01100000000000001,-144.966,104.387,30.487000000000002,4.087,,-1.388,,-120.0,-1.0080000000000005,-10.092,40.224999999999994,-13.824999999999996,119.047,-22.57,LMP.L,L,,,,,,-17.526,,,,2.281,,10.794,,,1.042,,,,,,,,,,,,,,,,,,,,,,,,,,,,,,,,,,
2019-12-31,6,416,2,2.0,49,,,,,1897,,236.0,,,,9,13,0.0,15,4,1193.0,3.36308,1922.0,493.00064,8,251,240.0,1658.0,,264.0,1922.0,4.0,6,,,,496.33977,0.13096,,-6,65.0,65.0,65.0,71.0,,0,,103.0,32,32.0,0,,,,,146.0,-133,-13.0,7.0,0.0,-6,,161,0,0.0,76,-96,-133,-9,JLG.L,L,,,,,,,,,,,,,,,,,,,,,,,,,,,,,,,,,,,,,,,,,,,,,,,,,
2019-06-30,14,416,2,2.0,49,,,,,1670,,74.0,,,,10,14,0.0,18,5,1138.0,3.2434,1705.0,493.00064,16,92,78.0,1599.0,,106.0,1705.0,4.0,14,,,,496.29467,0.07052,,-5,35.0,35.0,35.0,40.0,,0,,76.0,36,36.0,0,,,,,-39.0,83,-48.0,-9.0,,-5,,8,-4,-4.0,35,-74,83,-38,JLG.L,L,,,,,,,,,,,,,,,,,-4.0,,,,,,,,,,,,,,,,,,,,,,,,,,,,,,,,
2019-12-31,213.7,26.5,18.5,18.5,12.6,9.2,4.7,29.7,207.4,9.9,,11.0,,11.2,-10.6,10.6,4.5,0.0,158.0,237.7,284.7,1.94831,747.4,50.3,280.1,189.4,248.9,313.2,47.9,434.2,747.4,228.7,213.7,,227.5,1.6,50.49996,0.57624,102.7,-3.9,19.7,19.8,26.9,31.1,-0.3,7.1,,330.2,60.5,71.60000000000002,9.1,,-53.10000000000001,3.0999999999999996,5.5,26.0,-55.800000000000004,31.8,-29.4,21.3,-4.699999999999999,-0.9,36.8,-0.3999999999999999,1.0999999999999999,26.9,13,-2.6999999999999993,-5.699999999999999,FSJ.L,L,,0.8,0.1,0,,0.4,-0.1,,,,,,,185.5,,,,,,,,,,,,,,,,,,,,,,,,,,,,,,,,,,,
2019-06-30,202.5,26.2,17.4,17.4,12.6,19.8,2.5,28.3,165.7,11.0,,0.0,,15.5,,11.3,4.0,0.0,155.2,203.5,269.8,1.90711,701.1,50.39037,270.1,190.5,207.9,308.6,50.2,392.5,701.1,188.1,202.5,,204.9,1.5,50.54716,0.3106,82.0,-3.3,17.0,16.9,20.9,24.5,-0.3,4.0,,286.9,58.7,57.49999999999997,-1.5,,-39.3,2.2,4.1,22.0,-49.6,26.3,-17.4,21.8,-2.6,0.1,37.3,-2.0,-1.2,20.9,1,-10.3,-10.7,FSJ.L,L,,0.1,0.1,0,,-1.2,0.1,,,,,,,184.2,,,,,,,,,,,,,,,,,,,,,,,,,,,,,,,,,,,
2019-12-31,5.588,915.388,354.419,354.419,2.367,41.593,73.381,71.876,877.932,,,0.0,0.564,22.926,-19.264,89.811,37.114,35.585,,1902.271,102.539,4.81877,2508.169,177.08941,421.108,206.293,919.525,1001.03,6.797,1507.139,2508.169,877.932,41.173,,36.941,0.4,176.82436,-0.11709,-1.204,1.237,-78.863,-79.278,-101.19,-97.711,-4.716,-21.912,-2.452,35.737,8.327,96.507,89.474,,-413.1669999999999,30.453000000000003,0.777,710.931,-411.461,12.633999999999997,14.963000000000001,21.35,-38.763,-1.135,484.61400000000003,265.08,310.96900000000005,-101.19,77.511,1.706,,ENOG.L,L,,259.722,,,,,0.415,0.758,,95.919,,45.855,-310.708,75.8,18.155,2212.979,,,,,,,,,,,,,,,,,,,,,,,,,,,,,,,,,
2019-06-30,2.455,658.805,43.45,43.45,2.068,,76.433,47.937,433.802,,,0.0,,25.04,-16.484,84.449,17.715,26.509999999999998,,1656.919,180.145,4.57061,1901.085,153.3269,102.714,221.653,433.802,824.534,12.166,1076.551,1901.085,433.802,28.965,,28.611,0.404,153.29788,-0.0274,11.401,-4.868,-4.45,-4.488,-3.107,3.853,-2.092,1.381,2.787,40.012,5.436,7.547999999999998,0.383,,-541.383,14.689,0.133,340.482,-540.658,23.651,2.8,17.704,-22.54,0.153,363.02,0.002,-176.372,-3.107,6.254,0.725,,ENOG.L,L,,260.214,,,,,0.038,-1.462,,149.54,,47.073,-220.302,75.8,18.133,1877.221,,,,,,,,,,,,,,,,,,,,,,,,,,,,,,,,,
2020-03-31,766,690,329,331.0,74,213,427,124,1787,190,,0.0,10,27,,314,22,2.0,,4358,2126.0,2.33166,6954.0,737.24381,1213,769,2654.0,2890.0,104,4064.0,6954.0,2441.0,768,,985,,737.21254,0.12208,583,-40,-429.0,-421.0,-386.0,-343.0,-3,35,,1568.0,403,926.0,523,,,45,24,-59.0,-109,276.0,276.0,,0,-12,-35,,96.0,,,-109,-24,MDC.L,L,,113,,,,,-8,,,515,2,14,,1047,,,,,,,,,,,,,,,,,,,,,,,,,,,,,,,,,,,
2019-09-30,729,690,231,232.0,74,126,411,114,1925,203,,0.0,16,19,,315,31,5.0,,4386,2567.0,2.2774,7347.0,737.24381,1075,586,2712.0,3331.0,93,4016.0,7347.0,2586.0,734,,975,,737.24381,0.14242,540,-39,109.0,122.0,111.0,149.0,1,-11,,1515.0,396,391.0,-5,,,38,35,-148.0,-73,180.0,180.0,,-17,9,-96,,-32.0,,,-73,-35,MDC.L,L,,118,,,,,-13,,,428,1,13,,1538,,,,,,,,,,,,,,,,,,,,,,,,,,,,,,,,,,,
2019-03-31,732,690,265,266.0,74,87,423,136,1895,203,,0.0,4,24,,258,23,1.0,,3524,2387.0,2.12141,6428.0,737.24381,1091,586,1982.0,3151.0,88,3277.0,6428.0,1895.0,733,,955,,737.21139,0.15179,590,-29,17.0,28.0,13.0,42.0,0,-15,,1545.0,402,548.0,146,,,22,25,-70.0,-167,263.0,409.0,,-5,-3,-41,,23.0,,,-167,-24,MDC.L,L,,115,,0.0,,,-11,,,464,1,11,,1451,,,,,,,,,,,,,,,,,,,,,,,,,,,,,,,,,,,
2020-05-31,347.0,125.8,486.2,626.7,,6.8,0.7,147.2,99.7,83.8,,,22.1,91.0,,,11.5,3.8999999999999773,,46.4,810.1,2.13448,1299.7,369.50446,1010.8,240.9,129.0,935.9,,363.8,1299.7,122.2,350.9,,11.0,13.1,370.09649,0.54949,395.7,-1.2,158.0,158.0,194.7,195.9,,36.7,,406.7,98.0,199.8,55.9,,-8.4,3.5000000000000004,25.6,-74.70000000000002,-4.300000000000001,142.0,259.1,,-3.5000000000000004,6.800000000000001,-23.4,0.0,69.80000000000001,,,4.1000000000000005,-47.79999999999998,IGG.L,L,,,0.04,,,,,32.8,,143.1,140.5,,,,11.1,,,,,,,,,,,,,,,,,,,,,,,,,,,,,,,,,,
2019-11-30,270.1,206.8,416.4,501.5,,26.7,0.5,40.0,99.7,139.5,,0.0,24.5,51.9,,,9.0,9.5,,40.5,603.8,1.79348,1151.5,369.50446,814.6,222.7,144.4,810.6,,340.9,1151.5,117.7,279.6,,5.9,12.5,371.14689,0.29682,251.1,1.1,82.4,82.4,101.2,100.1,,18.8,,257.0,105.3,151.0,34.1,,-7.9,2.4,31.5,-98.6,-3.6,150.5,33.4,12.5,-2.4,-5.2,16.7,-1.5,43.1,100.1,4.5,4.3,-111.4,IGG.L,L,,,0.04,,,,,-0.9,,144.1,85.1,,,107.9,9.0,,,,,,,,,,,,,,,,,,,,,,,,,,,,,,,,,,
2019-05-31,301.1,206.8,373.3,408.6,,,0.4,43.4,99.6,189.9,,0.0,33.1,70.4,,,9.0,5.2999999999999545,,14.4,635.0,1.87119,1122.6,368.90946,757.8,180.8,99.6,841.8,,280.8,1122.6,99.6,306.4,,7.3,8.5,369.14251,0.18123,227.2,0.9,66.9,66.9,81.3,80.4,,14.4,,234.5,138.5,146.79999999999998,,,-4.700000000000001,0.5999999999999996,18.5,-48.50000000000001,-23.6,52.400000000000006,-38.8,8.5,-0.5999999999999996,-0.40000000000000036,0.0,-0.10000000000000009,-20.10000000000001,80.4,2.3,-18.9,-47.8,IGG.L,L,,,0.04,,,,,-0.2,,110.4,35.3,,,108.1,9.7,,,,,,,,,,,,,,,,,,,,,,,,,,,,,,,,,,
2020-03-31,50.9,34.7,,7.8,31,2.1,8.3,84.1,,,,53.6,,1.3,,52.6,15.9,0.0,45.4,60.1,14.7,-0.11927,262.7,31.023,102.6,102.4,74.7,80.4,43.9,182.3,262.7,19.0,50.9,,60.1,3.6,30.91,0.25882,34.6,-0.9,1.3,1.3,1.7,3.0,-0.4,0.4,,94.7,24.0,31.6,4.0,5.3,-4.1,1.4,1.4,44.8,-74.9,-8.0,-20.3,3.3,-1.4,-2.5,50.4,0.0,-40.6,1.3,2.4,-70.8,-4.2,AVON.L,L,7.8,,,,,,,,,,,,,,,,,,,,,,,,,,,,,,,,,,,,,,,,,,,,,,,,
2019-09-30,35.4,34.7,,48.4,31,,5.4,35.3,,,,0.1,,5.4,,45.3,12.5,0.0,31.1,21.4,20.7,1.64715,173.7,31.02329,104.5,36.6,0.1,86.4,20.7,87.3,173.7,0.0,35.4,,60.0,1.7,30.822,0.80138,45.7,0.0,11.5,11.5,10.3,10.6,-0.3,-1.2,,105.7,23.1,35.099999999999994,10.3,3.7,-3.8000000000000007,0.1,4.199999999999999,-2.1000000000000005,-3.8000000000000007,6.9,-17.4,2.0999999999999996,,0.5,0.0,0.0,1.5,11.5,7.0,0.0,-2.1000000000000005,AVON.L,L,48.4,,,,,,,,,,,,,,,,,,,,,,,,,,,,,,,,,,,,,,,,,,,,,,,,
2019-03-31,18.5,34.7,,46.9,31,,6.5,39.2,,,,0.1,0.0,5.6,7.1,48.4,10.8,0.0,30.8,22.3,-1.1,1.04761,163.1,31.023,90.8,36.5,0.1,71.7,25.4,91.4,163.1,0.0,18.5,,46.8,1.8,30.73,0.22779,26.8,0.1,2.8,2.8,3.4,3.8,-0.5,0.6,,73.6,18.1,23.0,3.1,3.7,-4.1,0.1,1.9,-4.6,-4.1,8.9,-3.8,2.2,,0.1,0.0,-1.3,0.3,2.8,4.0,0.0,-3.3,AVON.L,L,46.9,,,,,,,,,,,,,,,,,,,,,,,,,,,,,,,,,,,,,,,,,,,,,,,,
2019-10-27,437.5,874.3,,326.0,64.1,162.5,13.1,170.9,580.4,132.7,,0.0,83.1,49.3,111.6,352.1,29.3,0.0,748.2,1263.9,589.3,2.07262,3674.8,521.6597,2078.0,960.0,1250.1,1252.1,1231.4,2422.7,3674.8,1087.6,437.5,,1148.6,55.6,510.335,0.18235,894.9,-16.1,61.3,65.4,90.2,106.2,0.1,24.8,,2043.5,705.7,788.7,43.8,3.0,-134.6,16.4,50.6,-352.8,9.6,220.2,-52.2,122.7,-16.4,1.0,-298.0,-38.4,-122.0,90.2,56.5,144.2,,FRAS.L,L,326,9.9,,-387.2,,,-4.1,-16.4,,,,,,,,,,,,,,,,,,,,,,,,,,,,,,,,,,,,,,,,,
2019-04-28,432.5,874.3,,448.0,64.1,0.0,29.0,153.0,826.5,117.8,,0.0,172.2,57.4,114.9,442.4,23.7,0.0,541.1,823.2,542.2,2.03875,3148.8,536.40818,2031.1,598.5,826.5,1246.6,978.4,1902.2,3148.8,826.5,432.5,,1070.0,,519.566,0.16965,840.1,39.9,66.9,68.3,104.8,65.1,-0.2,36.5,,1910.1,755.5,775.0,32.6,-2.6999999999999997,-61.39999999999999,3.9000000000000004,22.3,128.3,-58.69999999999999,204.3,52.7,56.599999999999994,-3.9000000000000004,-7.4,139.5,-7.3,266.5,104.79999999999998,-7.1,2.6999999999999886,,FRAS.L,L,448,5.8,,-348.9,,,-1.4,-13.1,,,,,,,,,,,,,,,,,,,,,,,,,,,,,,,,,,,,,,,,,
2019-12-31,30.262,,48.984,48.984,539.872,,,,247.447,1309.541,,0.0,48.85,0,0,0,0,0.0,,,627.272,0.89821,1437.637,1299.41247,128.096,23.046,247.447,1167.144,,270.493,1437.637,247.447,30.262,,6.14,,1299.41247,-0.01561,-9.925,-4.173,-20.281,-20.281,-20.236,-16.063,,0.045,,-3.785,,6.138000000000001,,,-4.306000000000001,3.8340000000000005,0.0009999999999998899,-37.825,40.788,19.17,-6.793999999999999,,-5.926,,,,22.133,-20.236,46.199999999999996,45.094,-23.91,UKCM.L,L,,,,,,,,6.138,,23.046,,,,,,,,,,,,,,,,,,,,,,,,,,,,,,,,,,,,,,,
2019-06-30,26.617,,26.851,26.851,539.872,,,,257.544,1404.363,,0.0,36.275,0,0,0,0,0.0,,,671.463,0.93222,1494.106,1299.41247,89.743,25.227,257.544,1211.335,,282.771,1494.106,257.544,26.617,,6.786,,1299.41247,0.01687,32.131,-4.889,21.924,21.924,21.924,26.813,,0.0,,38.917,,5.318,,,-10.386,3.51,1.778,-20.318,-9.23,12.894,-9.569,,-4.397,,7.989,,-16.654,21.924,0.539,1.156,-23.91,UKCM.L,L,,,,,,,,5.318,,25.227,,,,,,,,,,,,,,,,,,,,,,,,,,,,,,,,,,,,,,,
2019-12-31,49.055,203.423,,51.454,9.189,4.291,15.931,45.388,129.572,8.632,,0.0,2.979,23.109,-13.134,2.708,8.324,0.0,,42.717,-26.487,-0.37276,394.309,144.80373,108.834,40.724,167.412,171.825,,222.484,394.309,163.121,49.055,,66.87,16.487,145.98655,0.07879,92.837,-4.273,8.874,5.544,9.551,13.824,,4.007,,159.707,1.777,79.013,10.3,8.220999999999998,-1.2990000000000004,0.6680000000000001,3.0780000000000003,20.741999999999997,-39.202000000000005,27.490000000000002,0.12399999999999967,4.218,-1.1239999999999997,-1.8039999999999998,28.705000000000005,-0.064,7.225999999999999,6.795000000000001,8.132000000000001,-37.903,-6.775,SNN.L,L,51.454,,,-1.166,,,,50.449,,1.32,,12.004,,180.414,5.346,,,,,,,,,,,,,,,,,,,,,,,,,,,,,,,,,,
2019-06-30,55.2,200.27,,44.228,11.638,4.832,18.219,56.019,99.275,,,0.0,,19.022,-2.201,0.568,8.787,0.0,37.412,45.028,-24.549,-0.42707,398.488,143.27513,99.428,61.266,139.211,184.056,,214.432,398.488,134.379,55.2,,32.458,8.266,146.25691,0.04261,46.262,-1.621,3.461,3.461,5.408,7.029,,1.947,,78.72,1.048,39.233000000000004,4.33,8.266,-2.891,1.625,4.563,-3.577,-2.815,17.954,-4.614,3.962,-2.88,0.255,12.748,-0.191,11.817,7.486,2.854,0.076,-13.254,SNN.L,L,44.228,,,-1.102,,,,25.589,,,,,,189.226,,,,,,,,,,,,,,,,,,,,,,,,,,,,,,,,,,,
2020-06-30,62.1,2160.3,557.6,557.6,99.5,5.4,,,1845.6,4733.1,,0.0,,0.0,-20.8,24.6,24.3,0.0,114.6,5.0,1034.3,8.2209,5388.0,398.168,625.6,120.0,1949.8,3273.3,5.9,2114.7,5388.0,1944.4,62.1,,27.5,,364.054,-0.18963,95.1,-40.1,-74.3,-74.9,-73.9,-33.8,,1.0,,122.6,,128.9,8.1,,-0.9,12.9,,551.5,-106.8,26.0,26.0,,-18.5,,279.7,293.7,470.7,,,-105.9,-3.4,UTG.L,L,,25.7,,,,105.8,0.6,15.0,,,,,,,,,,,,,,,,,,,,,,,,,,,,,,,,,,,,,,,,,
2019-12-31,87.1,1874.9,86.9,86.9,90.9,5.3,0.0,,1566.2,4804.3,,0.0,,4.0,-3.5,7.6,28.9,0.0,234.7,5.5,1109.2,8.44766,5016.7,363.59188,178.0,244.0,1672.4,3071.5,4.0,1945.2,5016.7,1667.1,87.1,,18.4,,302.418,0.10408,64.3,37.2,-229.5,-228.8,-226.7,-263.9,,2.1,,82.7,,328.20000000000005,401.5,,-2.6,21.1,0.30000000000000027,289.2,-350.7,41.5,41.5,,-23.8,,84.3,253.9,-20.000000000000004,,,-348.09999999999997,-25.199999999999996,UTG.L,L,,26.5,,,,-89.3,-0.7,16.0,,,,,,,,,,,,,,,,,,,,,,,,,,,,,,,,,,,,,,,,,
2019-06-30,62.8,740.6,106.9,106.9,66.0,87.5,0.0,,502.1,2792.2,,0.0,0.8,4.6,-3.0,6.9,28.3,0.0,110.2,3.0,1361.3,8.19945,3005.2,264.03,181.7,202.3,692.3,2164.9,11.2,840.3,3005.2,604.8,62.8,,14.6,,264.004,0.54473,58.9,32.5,140.3,141.2,125.5,93.0,,-15.7,,73.5,,-34.1,5.4,,-2.4,10.9,1.9,-61.5,7.8,37.0,37.0,,-11.8,,-5.3,0.0,-16.7,,,10.2,-44.4,UTG.L,L,,26.3,,,,-50.1,-0.9,10.6,,,,,,,,,,,,,,,,,,,,,,,,,,,,,,,,,,,,,,,,,
2020-04-30,1.379,212.639,,41.043,15.513,0.0,,,35,722.577,,0.0,,,0.0,,,0.0,3.484,,498.363,1.20262,764.999,604.10853,42.422,3.484,35.0,726.515,,38.484,764.999,35.0,1.379,,2.503,,606.97339,-0.21856,-131.878,,-132.661,-132.661,-132.333,-132.333,,0.328,,-129.375,,0.45500000000000007,,,,-0.519,,-25.861,51.229000000000006,2.646,3.165000000000001,,-0.046,0.239,-17.768,-4.707000000000001,28.253,,,51.229000000000006,-3.34,BGSC.L,L,41.043,,,,,,,0.455,,,,,,,,,,,,,,,,,,,,,,,,,,,,,,,,,,,,,,,,,
2019-10-31,1.998,212.685,,12.79,15.513,0.0,,,35,910.915,,17.726,,,0.0,,,0.0,4.965,,639.814,1.42652,925.703,608.48333,14.788,22.691,52.726,868.012,,57.691,925.703,35.0,1.998,,2.959,,604.64744,0.0312,20.056,,18.865,18.865,19.352,19.352,,0.487,,23.015,,0.7039999999999997,,,,-0.773,,-2.919,-0.776,4.503,5.276,,,-0.153,18.611,-14.636,0.655,,,-0.776,-6.894,BGSC.L,L,12.79,,,,,,,0.704,,,,,,,,,,,,,,,,,,,,,,,,,,,,,,,,,,,,,,,,,
2019-04-30,1.631,196.856,,12.135,15.119,15.549,,,0,893.548,,34.052,,,0.506,,,0.0,3.094,,642.138,1.41671,907.314,603.24331,13.766,52.695,49.601,854.619,,52.695,907.314,0.0,1.631,,2.862,,602.8327,0.05859,36.195,,35.322,35.322,35.809,35.809,,0.487,,39.057,,0.3860000000000001,,,,-1.05,,-4.601999999999999,1.2790000000000004,3.133,4.183,,0.0,-0.38399999999999995,-0.3280000000000012,-1.265,-0.5739999999999998,,,1.2790000000000004,-3.0089999999999995,BGSC.L,L,12.135,,,,,,,0.386,,,,,,,,,,,,,,,,,,,,,,,,,,,,,,,,,,,,,,,,,
2019-12-31,1.501,52.535,7.457,7.457,36.88,,,,81.93,676.464,,0.0,,,,,0.207,0.0,,,511.073,4.07053,685.629,147.52094,8.958,3.211,81.93,600.488,,85.141,685.629,81.93,1.501,,4.366,,145.92607,0.18075,27.295,,26.376,26.376,26.861,26.861,,0.485,,31.661,0.434,0.43400000000000016,,,,3.2,,6.093999999999999,-14.094000000000001,5.763,-2.2239999999999998,,,-0.128,,14.783,-2.365,26.861000000000004,-18.873999999999995,-14.094000000000001,-8.689,SAIN.L,L,,,,,,,,,,3.211,,,,,,,,,,,,,,,,,,,,,,,,,,,,,,,,,,,,,,,
2019-06-30,2.51,38.643,9.822,9.822,35.989,,,,82.315,641.038,,0.0,,,,,0.207,0.0,,,324.602,3.94578,653.577,143.95594,12.332,3.244,82.315,568.018,,85.559,653.577,82.315,2.51,168.784,4.255,,142.12814,0.57115,82.732,,81.177,81.177,81.919,81.919,,0.742,,86.987,0.813,0.8129999999999997,,,,3.2,,3.388,-6.622,5.52,-3.993,,,0.072,,11.705,2.358,81.919,-72.406,-6.622,-8.317,SAIN.L,L,,,,,,,,,,3.244,,,,,,,,,,,,,,,,,,,,,,,,,,,,,,,,,,,,,,,
2019-12-31,187.6,203.2,82.2,82.2,3.5,8.2,16.3,92.7,195.8,,13.7,0.0,14.7,74.2,42.2,93.5,11.7,27.200000000000017,,100.3,183.0,-0.39671,996.8,70.83299,412.5,227.6,237.0,430.5,90.7,566.3,996.8,228.8,214.8,,303.622,,71.09937,0.64364,134.652,2.487,43.788,43.957,53.059,51.534,-0.962,9.102,,438.274,76.595,83.118,2.383,16.234,-13.719999999999999,5.865000000000001,2.6239999999999997,-75.22900000000001,-11.2,80.609,0.10300000000000153,9.806,0,-4.904,-67.951,3.3,-10.724,53.186,1.2799999999999994,2.5199999999999996,-10.578000000000003,ULE.L,L,,0.1,,-1.4,,,-0.169,4.14,,107.4,,37.8,,365.9,10.1,,,,,,,,,,,,,,,,,,,,,,,,,,,,,,,,,,
2019-06-30,194.437,201.045,92.943,92.943,3.542,74.471,12.009,108.769,226.669,,19.967,0.0,0.27,88.553,64.354,94.441,18.401,6.936999999999983,,95.453,157.785,-0.91087,1038.851,70.60074,416.577,281.51,301.14,424.145,99.6,614.706,1038.851,226.669,201.374,,282.678,,70.87541,0.43238,104.448,-2.887,30.712,30.643,37.941,41.766,-0.938,7.298,,387.126,59.005,62.682000000000016,-0.083,12.366,-9.18,4.935,6.876,-30.171,11.5,13.991,-42.903,9.194,0,1.304,4.551,-8.6,-3.376,41.014,-5.68,20.68,-26.122,ULE.L,L,,0.077,,-2.581,,,0.069,3.76,,118.486,,,,379.684,22.39,,,,,,,,,,,,,,,,,,,,,,,,,,,,,,,,,,
2019-12-31,362.8,380.8,558.5,558.5,8.9,302.9,299.4,352.6,3787.6,472.4,,0.0,24.2,237.8,,363.0,67.0,0.0,,359.3,-4.9,0.04801,5876.9,670.71292,1175.1,876.8,4090.5,384.8,229.6,5492.1,5876.9,3787.6,362.8,,527.0,,639.8,0.03447,,-101.2,13.6,17.1,36.2,149.5,-12.1,19.1,,582.8,14.9,36.299999999999955,17.9,,-61.2,88.39999999999999,26.699999999999996,336.5,-855.4,330.99999999999994,-2.400000000000002,150.8,-171.39999999999998,2.5,557.4,,-185.4,17.1,165.5,-794.1999999999999,-49.5,GLO.L,L,,165.3,,,,,-3.5,3.5,,336.1,,,-140.2,,,499.6,,,130.0,,,,,,,,,,,,,,,,,,,,,,,,,,,3450.5,,,
2019-06-30,327.6,380.8,744.0,744.0,8.9,259.7,163.7,132.6,3341.5,470.9,,0.0,24.3,234.5,,286.4,78.1,0.0,,345.9,37.6,0.43938,5110.0,670.71292,1152.6,709.1,3601.2,427.3,56.7,4682.7,5110.0,3341.5,327.6,,446.4,,705.0,0.02489,,-87.8,14.1,6.0,23.2,142.6,-31.6,17.2,,496.0,19.7,28.400000000000034,5.3,,-42.3,100.8,8.1,-181.0,-69.5,285.3,-27.4,131.5,-54.8,12.2,-38.1,,47.0,6.0,175.2,-27.2,-88.1,GLO.L,L,,182.0,,,,,8.1,3.4,,214.9,,,-124.3,,,470.3,,,121.4,,,,,,,,,,,,,,,,,,,,,,,,,,,2929.9,,,
2020-02-29,2.163,190.939,60.204,60.204,4.621,52.259,,,67.501,734.169,,0.0,,,,,,0.0,3.498,,477.718,7.2992,796.536,92.23993,62.367,55.757,119.76,673.278,,123.258,796.536,67.501,2.163,,3.38,,92.4239,-0.58812,-53.31,,-54.356,-54.356,-53.606,-53.606,,0.75,,-49.93,0.296,0.29600000000000026,,,,1.282,0.684,-3.235,21.563,2.283,-2.804,,,-0.71,,0.0,19.901,-53.606,58.693,21.563,-3.235,BGFD.L,L,,,,,,,,,,,,,,,,,,,,,,,,,,,,,,,,,,,,,,,,,,,,,,,,,
2019-08-31,1.508,190.939,40.303,40.303,4.621,55.698,,,71.943,819.646,,0.0,,,,,,0.0,1.711,,232.309,7.92108,861.457,92.42493,41.811,57.409,127.641,732.105,,129.352,861.457,71.943,1.508,304.236,3.513,,92.18041,0.89745,83.813,,82.727,82.727,83.468,83.468,,0.741,,87.326,0.345,0.3450000000000002,,,,1.3070000000000002,0.748,3.385,-4.806,3.1449999999999996,-1.7979999999999996,,,4.502,0.0,3.383000000000001,6.226000000000001,83.46799999999999,-78.525,-4.806,0.0020000000000000018,BGFD.L,L,,,,,,,,,,,,,,,,,,,,,,,,,,,,,,,,,,,,,,,,,,,,,,,,,
2019-02-28,2.148,187.577,34.077,34.077,4.6,,,,111.436,723.155,,0.0,,,,,,0.0,1.951,,453.816,7.02167,759.38,91.99993,36.225,1.951,111.436,645.993,,113.387,759.38,111.436,2.148,,3.225,,91.42368,-1.33183,-120.842,,-121.761,-121.761,-121.151,-121.151,,0.61,,-117.617,0.309,0.3089999999999997,,,,1.22,0.563,11.65,-5.925,1.232,-2.52,,,-0.668,0.0,12.199,6.289,-121.151,124.903,-5.925,-0.549,BGFD.L,L,,,,,,,,,,,,,,,,,,,,,,,,,,,,,,,,,,,,,,,,,,,,,,,,,
2020-05-31,91.3,102.8,139.4,139.4,22.2,1.2,2.2,,556.5,935.5,11.1,0.0,28.1,35.9,,19.5,0.0,0.0,103.4,24.3,815.8,4.23151,1661.8,222.16655,690.9,140.5,557.7,940.1,432.1,721.7,1661.8,556.5,91.3,,110.2,,222.18127,-0.60491,10.3,-7.6,-134.4,-134.5,-158.1,-150.5,0.0,-23.6,,120.5,20.7,160.8,,,-1.9,5.7,1.6,187.8,-37.0,-59.6,-52.2,4.3,-7.3,,195.1,,91.2,-150.5,138.8,-35.1,0.0,SMP.L,L,,3.0,,-0.7,,140.1,0.1,,,,,,,,,,,,,,,,,,,,,,,,,,,,,,,,,,,,,,,,,,
2019-11-30,88.5,102.8,48.2,48.2,22.2,1.4,25.6,,360.9,1044.1,11.3,0.0,15.8,24.5,,18.1,0.2,0.0,140.4,26.7,951.5,4.84186,1651.3,222.16655,569.0,166.3,362.3,1075.7,416.5,575.6,1651.3,360.9,88.5,,201.6,,224.82307,0.20766,55.1,-5.9,27.4,26.4,30.8,36.6,0.1,4.4,,256.7,21.6,18.5,22.5,,-3.1,6.7,2.3000000000000003,-12.599999999999998,-23.999999999999993,52.099999999999994,41.0,2.1,-6.7,,2.1000000000000014,,15.5,36.6,-27.6,-20.89999999999999,-7.999999999999998,SMP.L,L,,4.7,,-0.8,,-25.6,1.0,,,,,,,,,,,,,,,,,,,,,,,,,,,,,,,,,,,,,,,,,,
2019-05-31,80.9,102.8,32.7,32.7,22.2,1.6,23.0,,357.2,1096.7,3.5,0.0,0.3,3.6,,22.9,,0.0,137.7,25.7,934.2,4.76555,1609.8,222.03124,483.9,142.9,358.8,1058.1,370.0,551.7,1609.8,357.2,80.9,,129.5,,224.37699,0.10384,43.7,-7.5,23.3,23.1,28.1,35.6,0.0,5.0,,173.2,22.2,8.099999999999994,0.0,,-3.9,5.7,2.1,24.9,-53.1,22.0,-0.8,1.6,-5.7,,39.5,,-6.2,35.6,-14.4,-49.2,-8.9,SMP.L,L,,5.7,,-1.1,,-14.1,0.2,,,,,,,,,,,,,,,,,,,,,,,,,,,,,,,,,,,,,,,,,,
2020-03-31,1.037,211.569,38.523,78.018,5.713,,,,80.299,1289.807,,0.0,39.152,54.315,,,,0.3700000000000001,,,1055.765,2.36271,1408.384,538.80904,118.577,55.038,80.299,1273.047,,135.337,1408.384,80.299,1.407,,10.504,,546.87533,-7e-05,0.976,,-0.037,-0.037,-0.038,-0.038,,-0.001,,11.48,,1.0140000000000011,,,,,,-68.05000000000001,,79.91,79.91,,-5.955,-2.5610000000000004,-38.353,-23.307,9.299,,,,-0.4350000000000023,FCSS.L,L,,,,,,0.435,,0.579,,,39.495,0.723,,,,,,,,,,,,,,,,,,,,,,,,,,,,,,,,,,,,,
2019-09-30,1.939,211.569,29.224,106.58,5.713,,,,0.0,1387.576,,121.912,11.924,89.43,,,,0.46399999999999997,,,1079.109,2.36096,1508.483,549.09448,120.907,212.092,121.912,1296.391,,212.092,1508.483,0.0,2.403,,11.935,,549.39153,-0.15115,-81.024,,-83.038,-83.038,-82.549,-82.549,,0.489,,-69.089,,1.5250000000000004,,,,,,-31.391,,-32.543,-32.543,,-8.305,6.195,,-1.006,-57.739,,,,-22.08,FCSS.L,L,,,,,,0.927,,0.598,,,77.356,0.75,,,,,,,,,,,,,,,,,,,,,,,,,,,,,,,,,,,,,
2019-03-31,0.646,211.569,86.963,168.414,5.713,,,,0.0,1423.161,,115.331,19.235,92.839,,,,0.09099999999999997,,,1184.306,2.55031,1611.547,549.57448,188.386,209.959,115.331,1401.588,,209.959,1611.547,0.0,0.737,,11.634,,549.68966,0.10282,57.466,,56.517,56.517,56.554,56.554,,0.037,,69.1,,0.911999999999999,,,,-6.273,,-1.4649999999999999,,46.726,52.998999999999995,,,-1.0620000000000003,,-1.4650000000000003,44.199,,,,0.0,FCSS.L,L,,,,,,0.312,,0.6,,,81.451,1.789,,,,,,,,,,,,,,,,,,,,,,,,,,,,,,,,,,,,,
2020-06-30,1.964,213.11,,2303.875,2.868,,,139.681,19.989,756.942,,3071.199,,189.795,,23.619,1.382,474.058,,61.893,314.771,4.32554,3931.061,57.35891,,,3149.68,484.661,,3446.4,3931.061,78.481,476.022,,16.465,7.038,55.92539,0.49547,179.049,,19.417,19.417,27.281,27.281,,7.864,,195.514,,151.768,11.651,,-18.287,0.586,11.047,-29.476,-62.493,508.463,458.606,14.86,-0.586,,-2.513,-2.061,416.494,27.281,7.716,-44.206,-24.316,RAT.L,L,2303.875,,,-46.088,,,,133.079,,,,83.306,-7.264,96.872,,54.316,,,,,,94.394,,,,,,,,,,,,,,,,,,,,,,,,,,,
2019-12-31,1.17,210.939,,1932.997,2.818,,0.0,137.402,19.927,706.228,,2668.673,,70.14,,16.746,2.636,367.594,,64.912,313.607,4.57021,3398.734,56.36199,,,2749.604,485.393,,2913.341,3398.734,80.931,368.764,,14.715,7.84,55.53693,0.42255,178.98,,13.161,13.161,19.676,19.676,,6.515,,193.695,,159.304,14.529,,-12.802,1.171,9.027999999999999,-20.642000000000003,301.38899999999995,299.622,243.70999999999998,19.02,-1.171,,-2.305,-3.6399999999999997,580.3689999999999,19.676000000000002,17.215999999999998,314.191,-13.526000000000003,RAT.L,L,1932.997,,,-41.971,,3.64,,133.295,,4.001,,72.85,-4.836,90.405,,54.316,,,,,,95.39,,,,,,,,,,,,,,,,,,,,,,,,,,,
2019-06-30,1.08,208.921,,1271.512,2.804,,0.0,144.919,19.866,1043.406,,2382.588,,114.978,,22.565,0.59,440.72200000000004,,67.109,299.858,4.26363,3153.533,56.07712,,,2465.294,474.745,,2678.788,3153.533,82.706,441.802,,17.333,7.529,54.95357,0.51854,172.731,,13.762,13.762,19.976,19.976,,6.214,,190.064,,152.755,19.123,,-5.142,,8.105,-25.451,-15.417,199.995,148.041,14.779,,,-2.318,-0.7,159.127,19.976,17.199,-10.275,-22.433,RAT.L,L,1271.512,,,-36.838,,,,126.103,,,,75.951,-2.45,90.734,,53.846,,,,,,93.461,,,,,,,,,,,,,,,,,,,,,,,,,,,
2020-03-31,9.131,,0.017,0.017,767.999,,,,,1267.703,,0.0,,6.379,,18.54,,0.0,,,478.542,1.87827,1276.851,663.66554,9.148,11.77,0.0,1246.541,,30.31,1276.851,0.0,9.131,,,,661.19411,-0.13669,,,-90.376,-90.376,-90.376,-90.376,,,,-72.506,17.87,17.87,,,,,,0.0,15.404,-15.399999999999999,-6.72,,,,,,0.0040000000000000036,-90.376,81.69599999999998,15.404,0.0,SYNC.L,L,,,,,,,,,,5.391,,,,,,,,,,,,,,,,,,,,,,,,,,,,,,,,,,,,,,,
2019-09-30,4.496,,0.013,0.013,767.999,,,,,1347.503,,0.0,,7.502,,6.716,,0.0,,,568.803,2.01427,1352.012,663.66554,4.509,8.494,0.0,1336.802,,15.21,1352.012,0.0,4.496,,,,662.64521,-0.15873,,,-105.18,-105.18,-105.18,-105.18,,,,-94.799,10.381,10.381,,,,,,-13.246,-15.404,28.572,12.843,,,,,,-0.078,-105.18,120.909,-15.404,-13.246,SYNC.L,L,,,,,,,,,,0.992,,,,,,,,,,,,,,,,,,,,,,,,,,,,,,,,,,,,,,,
2019-03-31,8.833,,0.091,0.091,766.037,,,,,1470.078,,0.0,,6.351,,10.834,,0.0,,,689.076,2.20064,1479.002,661.22231,8.924,13.055,0.0,1455.113,,23.889,1479.002,0.0,8.833,,,,672.30342,0.09075,,,61.014,61.014,61.014,61.014,,,,73.545,12.531,12.531,,,,,,0.0,6.466,-8.389999999999999,-5.185,,,,,,-1.924,61.01400000000001,-64.21900000000005,6.466,0.0,SYNC.L,L,,,,,,,,,,6.704,,,,,,,,,,,,,,,,,,,,,,,,,,,,,,,,,,,,,,,
2020-03-31,42.44059,,14.09837,14.09837,614.20804,,,659.43521,56.08276,,,0.0,,38.41145,,,,0.0,,,7.27192,-0.06163,715.97417,615.85189,,,56.08276,621.47996,,94.49421,715.97417,56.08276,42.44059,,0.10386,12.46788,484.54901,0.02882,42.07025,,14.4713,14.4713,20.03658,20.03658,,5.56528,,42.17411,4.23478,22.03367,-0.70221,12.93137,,0.37468,7.47459,258.88113,,-307.81949000000003,14.60991,,-8.684470000000001,-3.19864,46.30211,231.00000000000003,-52.13701,20.03658,-355.39734999999996,,-9.736509999999999,SONG.L,L,,,,,,4.83987,,1.19335,,,,,,,,,,,,,,,,,,,,,,,,,,,,,,,,,,,,,,,,,
2019-09-30,32.29874,,66.23538,66.23538,386.91123,,,311.94458,13.75,,,0.0,,7.28034,,,,0.0,,,2.53712,0.19906,410.4787,389.35634,,,13.75,389.44835,,21.03034,410.4787,13.75,32.29874,,,5.99592,336.50601,0.03555,,,10.72261,10.72261,12.63192,12.63192,,1.90931,,23.5072,3.03366,10.87528,1.46034,5.99592,,,,193.86481,,-236.39465,-55.25934,,-3.92808,0.28146,13.69789,192.61817,-42.24837,12.63192,-199.76314,,-8.52317,SONG.L,L,,,,,,0.05211,,0.33326,,,,,,,,,,,,,,,,,,,,,,,,,,,,,,,,,,,,,,,,,
2019-03-31,6.74002,,67.6991,108.48375,198.22114,,,118.45882,,,3.9575,0.0,,39.19214,,,,0.0,,,0.33769,0.39619,237.75097,202.1768,,,0.0,198.55883,,39.19214,237.75097,0.0,6.74002,,,1.28968,202.1768,0.01531,,,3.09578,3.09578,3.7283,3.7283,,0.63252,,7.40612,2.19746,3.67782,,1.49192,,,,-2.0217700000000036,,-68.76158000000001,28.25883,,0.0,0.10457,,0.0,-70.67878,3.52625,-102.03859,,-2.02177,SONG.L,L,40.78466,,,,,,,0.19069,,,,,,,0.11088,,,,,,,,,,,,,,,,,,,,,,,,,,,,,,,,,,
2020-03-31,,28.078,42.672,42.672,11.6,,,,73.912,745.951,,29.872,5.065,3.823,,,,,,,649.671,6.35202,796.956,108.52446,51.005,33.695,103.784,689.349,,107.607,796.956,73.912,3.268,,4.78,,109.32715,-2.03982,-219.797,-2.069,-223.008,-223.008,-222.688,-220.619,,0.32,,-215.017,,0.8220000000000001,,,,,0.575,-26.467,5.823,-1.403,-0.224,,-0.192,-0.006,0.0,-10.421,-22.053,-222.688,221.509,5.823,-15.854,AGT.L,L,,,,,,,,0.822,,,,,,,,,,,,,,,,,,,,,,,,,,,,,,,,,,,,,,,,,
2019-09-30,,28.078,64.725,64.725,11.6,,,,73.929,972.824,,30.037,4.784,5.844,,,,,,,899.263,8.52609,1048.751,110.12567,75.927,35.881,103.966,938.941,,109.81,1048.751,73.929,6.418,,9.404,,110.7896,0.44014,51.029,-1.163,48.763,48.763,49.208,50.371,,0.445,,60.433,,0.6579999999999995,,,,,-0.16800000000000004,3.6620000000000026,10.821000000000002,11.384,3.905,,3.425,0.003,8.339,-5.8839999999999995,25.87,49.208,-41.729,10.821000000000002,-2.218,AGT.L,L,,,,,,,,0.658,,,,,,,,,,,,,,,,,,,,,,,,,,,,,,,,,,,,,,,,,
2019-03-31,,28.078,38.855,38.855,12.953,,,,87.725,946.822,,0.0,1.173,3.802,,,,,,,857.253,8.09961,989.811,110.90455,42.989,3.802,87.725,898.284,,91.527,989.811,87.725,2.961,,5.002,,111.12266,-0.22012,-24.882,1.451,-24.46,-24.46,-24.242,-25.693,,0.218,,-19.88,,0.8109999999999999,,,,,-0.284,-20.789,19.005,4.388,0.594,,-1.451,0.0,0.0,-7.117,2.604,-24.242,28.036,19.005,-12.221,AGT.L,L,,,,,,,,0.811,,,,,,,,,,,,,,,,,,,,,,,,,,,,,,,,,,,,,,,,,
2020-06-30,1401,258,1329,1351.0,388,459,5,127,2078,35,101,204.0,87,260,,540,329,82.0,1214,466,-113.0,-0.65352,5512.0,1551.59444,3034,2137,2950.0,533.0,113,4979.0,5512.0,2287.0,1483,,2973,2,1547.0,0.05934,552,-47,167.0,170.0,217.0,271.0,-7,47,,3525.0,377,281.0,-96,13,-44,71,30,-101.0,368,320.0,76.0,87,-78,20,-20,-3,607.0,271,-127,412,0,GFS.L,L,,10,,,,-2,-3,,,,22,,,1420,,,,,,,,,,,,,,,,,,,,,,,,,,,,,,,,,,,
2019-12-31,1287,258,745,788.0,388,167,4,112,2189,34,57,367.0,734,397,,637,301,66.0,1079,501,-375.0,-0.78307,5363.0,1551.59444,2984,2010,2944.0,271.0,109,5092.0,5363.0,2410.0,1353,,3261,4,1547.0,0.02447,690,-50,-150.0,-149.0,-81.0,-22.0,-9,68,,3951.0,422,712.0,289,15,-61,53,43,-271.0,-26,264.0,43.0,102,-74,-48,-139,-3,-81.0,-22,126,35,-55,GFS.L,L,,31,,,,-3,-1,,,,43,,,1374,,,,,,,,,,,,,,,,,,,,,,,,,,,,,,,,,,,
2019-06-30,1488,258,955,1005.0,388,174,8,122,2427,34,131,310.0,9,218,,712,345,70.0,1192,694,-60.0,-0.93259,5932.0,1551.59444,2695,1894,3177.0,586.0,123,5346.0,5932.0,2693.0,1558,,3158,2,1547.0,0.06787,649,-52,59.0,69.0,108.0,167.0,-7,39,,3807.0,410,482.0,72,13,-66,89,47,-159.0,-59,150.0,-147.0,102,-104,-5,48,-8,-73.0,167,15,7,-95,GFS.L,L,,39,,,,-2,-10,,,,50,,,1911,,,,,,,,,,,,,,,,,,,,,,,,,,,,,,,,,,,
2020-03-31,76.026,104.636,76.656,76.656,0.273,8.889,31.727,217.816,68.574,9.14,0.0,0.0,14.448,150.324,139.607,10.363,9.775,0.0,,74.171,341.775,-1.36026,948.672,109.28941,167.13,232.495,142.218,539.794,,408.878,948.672,133.329,76.026,-26.815,,12.091,107.671,0.32648,,-1.432,40.358,40.279,37.406,37.398,1.44,-2.873,,186.277,,148.879,-8.416,13.277,-6.147,1.537,10.42,40.272,-29.756,16.585,-37.903,4.372,-1.643,-0.523,65.579,0.33,26.578,37.398,-0.559,-23.609,-23.994,ERM.L,L,,0.964,,-19.682,,,0.079,145.204,,23.57,,49.712,,470.64,,,,,,,,,,,,,,,,,,,,,,,,,,,,,,,,,,,
2019-09-30,50.412,104.306,49.751,49.751,0.273,,17.718,159.14,0.0,5.271,3.759,0.0,296.937,180.735,143.243,14.006,4.153,0.0,,15.294,323.952,1.0946,830.998,109.24935,397.1,273.226,0.0,525.005,,305.993,830.998,0.0,50.412,-27.087,,14.489,107.739,0.32269,,0.368,25.553,25.817,33.524,34.592,-1.436,7.707,,216.739,,182.147,10.143,15.374,-6.082,0.6629999999999999,13.636,-12.25,1.6189999999999998,28.7,-23.964000000000002,1.3770000000000002,-0.6629999999999999,2.37,0.0,0.03400000000000003,20.439,34.592000000000006,1.320999999999998,7.7010000000000005,-11.620999999999999,ERM.L,L,,1.043,,-19.682,,,-0.264,157.515,,43.929,,48.562,,246.281,,,,,,,,,,,,,,,,,,,,,,,,,,,,,,,,,,,
2019-03-31,76.583,104.272,29.312,29.312,0.273,,28.877,205.308,0.0,3.713,2.836,0.0,13.868,166.206,117.845,15.515,3.641,0.0,,16.121,327.398,-1.35558,797.765,109.24495,119.763,249.772,0.0,503.601,,294.164,797.765,0.0,76.583,-26.505,,10.654,107.569,0.23214,,0.055,35.376,35.376,49.335,49.564,-0.284,13.959,,184.934,,135.37,-13.999,11.868,-3.934,0.624,24.782,-24.204,-49.305,24.962,-20.367,1.367,-0.721,-0.414,0.0,0.482,-48.961,49.564,-17.47,-45.371,-23.965,ERM.L,L,,0.0,,-19.682,,,0.0,138.715,,31.764,,51.802,,446.383,,,,,,,,,,,,,,,,,,,,,,,,,,,,,,,,,,,
2020-01-31,,,,,38,,,125.7,2548.0,,,,,0.0,-6.1,28.2,49.9,,223.2,310.9,1403.7,7.97767,10668.8,151.30984,,,2633.4,1435.6,,9233.2,10668.8,2595.4,,0.0,,,150.8,0.62666,,,94.5,94.5,124.1,,,29.6,,,,,,,-26.0,7.1,,-88.3,-28.8,-15.8,-119.7,44.4,-7.1,,-7.4,-8,-132.9,124.1,-64.6,-2.8,-65.8,CBG.L,L,,-1.0,,,,,0.0,,,649.5,,,-165.0,102.8,,475.9,,,,,,1208.3,,,,,,,,,641.41,,7824.4,322.923,5699.9,323.5,36.7,217.4,254.1,-299.0,205.7,69.4,,,,,,38.0,
2019-07-31,,,,,38,,,219.4,2601.0,,,,,21.2,-5.6,129.9,52.2,,144.5,248.2,1375.0,7.84696,10561.3,151.39618,,,2615.3,1407.4,,9153.9,10561.3,2601.0,,0.0,,,151.0,0.65033,,,98.1,98.1,129.1,,,31.0,,,,,,,-27.5,7.1,,-39.8,-29.6,408.29999999999995,269.0,37.8,-7.1,,0.0,0,338.90000000000003,129.1,-27.599999999999998,-2.0999999999999943,-32.7,CBG.L,L,,-1.0,,,,,0.1,,,547.6,,,,,,,,,,,,994.0,,,,,,,,,774.48,,7801.0,372.44399999999996,5696.4,321.1,26.6,229.3,255.9,-293.7,193.5,65.2,,,,,,14.3,
2019-01-31,,,,,38,,,208.7,2531.2,,,,,20.2,-2.9,37.8,55.1,,188.0,237.9,1306.4,7.48257,10018.2,151.44538,,,2546.8,1341.9,,8676.3,10018.2,2531.2,,0.4,,,151.6,0.6748,,,103.5,102.2,135.6,,,33.4,,,,,,,-19.6,7.1,,-80.9,66.5,-387.9,-532.0,35.7,-7.1,,0.0,-11,-402.3,135.6,-27.2,86.1,-62.8,CBG.L,L,,-0.9,,,,,0.1,,,480.7,,,,,,,,,,,,1085.7,,,,,,,,,545.37,,7536.5,278.811,5403.7,314.5,21.9,227.9,249.8,-282.4,190.1,64.7,,,,,,15.6,
2019-12-31,0,1442.218,24.717,24.717,15.175,,,,600,2423.206,,0.0,,0.617,,,,0.522,,,385.373,1.21431,2448.527,1517.53731,25.321,5.761,600.0,1842.766,,605.761,2448.527,600.0,0.522,,9.164,,1519.5471,0.01771,39.544,-8.408,26.636,26.636,26.636,37.751,-2.707,0,,48.708,0.624,1.793000000000001,0.273,,,10.596000000000002,,-38.71600000000001,4.455000000000041,55.53899999999999,2.4619999999999997,,-11.062999999999999,,25,0.0,21.278,37.75099999999999,15.326000000000008,4.455000000000041,-52.653000000000006,UKW.L,L,,,,,,,,0.896,,1.596,,3.548,,,0.082,,,,,,,,,,,,,,,,,,,,,,,,,,,,,,,,,,
2019-06-30,0,1441.557,3.439,3.439,15.169,,,,575,2443.234,,0.0,,0.763,,,,0.615,,,411.39,1.23151,2447.381,1516.9277,4.147,4.265,575.0,1868.116,,579.265,2447.381,575.0,0.615,,7.327,,1240.68401,0.0155,33.201,-8.536,16.658,16.658,16.658,28.572,-3.378,0,,40.528,0.508,4.629,2.577,,,11.969,,541.313,-621.183,79.882,2.114,,-18.876,,95,505.742,0.012,28.572,49.196,-621.183,-40.553,UKW.L,L,,,,,,,,1.544,,0.303,,3.199,,,0.093,,,,,,,,,,,,,,,,,,,,,,,,,,,,,,,,,,
2019-10-27,15.227,147.653,,51.36,2.993,69.804,,17.191,116.84,,2.783,0.0,,0.638,0.866,7.767,14.716,1.7579999999999991,160.939,343.44,35.065,0.24896,776.949,239.45555,289.049,231.381,421.028,186.577,220.704,590.372,776.949,351.224,16.985,,382.023,,228.091,0.13744,46.688,-9.96,-8.074,-8.074,-9.041,1.478,-0.559,-0.967,,428.711,11.653,45.20999999999998,33.557,1.223,-15.74,8.851,5.963,-39.478,-15.74,72.366,12.178,25.205,-30.589,-0.326,-157.26,148.371,16.822,-8.074,41.834,0.0,,WOSG.L,L,51.36,,,,,,,,,,,,,109.77,,,,,,,,,,,,,,,,,,,,,,,,,,,,,,,,,,,
2019-04-28,35.638,,,27.517,0.066,27.213,,18.063,239.884,,4.544,0.0,7.021,8.345,0.798,25.644,8.727,0.0,,101.268,75.695,-0.21369,512.715,239.45555,270.447,170.628,267.097,76.559,200.271,436.156,512.715,239.884,35.638,,368.172,,239.45555,0.0442,39.92,-10.37,-9.287,5.342,7.711,20.063,-1.982,2.369,,408.092,12.291,19.85699999999997,7.566,0.6630000000000003,-7.123999999999999,0.37900000000000134,1.4459999999999997,-3.7150000000000034,-7.043999999999997,6.759999999999991,-1.5570000000000002,2.737,-1.2950000000000017,0.11399999999999999,-2.419999999999998,,-3.885,-2.375,7.292000000000002,0.08000000000000007,,WOSG.L,L,27.517,,,,,,,,,75.32,,59.75,-43.534,109.666,,144.802,,,,,,,,,,,,,,,,,,,,,,,,,,,,,,,,,
2020-03-31,219.3,421.1,475.1,475.1,42.5,381.3,31.0,84.7,103.2,8.3,,25.2,4.3,62.3,-7.4,129.9,19.1,0.0,199.4,408.6,241.0,0.65246,1683.7,424.85096,827.7,668.2,542.4,697.2,129.0,986.5,1683.7,135.9,219.3,,,2.1,426.786,0.0492,,-3.9,26.7,26.7,31.8,36.2,-0.5,5.1,,338.4,,302.2,-6.0,0.4,-13.9,1.7,4.6,389.9,-13.7,-24.3,-74.8,12.4,0.0,-5.6,389.9,0.0,346.3,36.2,1.5,0.2,0.0,SYNT.L,L,,21.5,,,,-0.6,0,306.7,,,,,,335.3,,,,,,,,,,,,,,,,,,,,,,,,,,,,,,,,,,,
2019-12-31,190.6,421.1,103.6,103.6,42.5,7.5,30.8,78.8,82.9,7.5,,0.0,4.9,57.9,-19.5,142.5,22.8,0.0,232.9,404.9,205.3,0.5795,1259.4,424.85096,421.0,298.3,124.8,649.4,121.9,610.0,1259.4,117.3,190.6,,,4.2,424.802,0.09863,,-1.2,37.2,38.2,43.9,46.5,-1.4,5.7,,696.4,,649.9,3.9,-3.5000000000000004,-40.699999999999996,3.6999999999999993,3.8,-69.8,-40.2,115.4,52.800000000000004,26.1,-1.3,3.1,-219.7,199.1,8.5,46.5,-6.5,0.5,-47.9,SYNT.L,L,,21.1,,,,3.2,-1,638.6,,,,,,324.4,,,,,,,,,,,,,,,,,,,,,,,,,,,,,,,,,,,
2019-06-30,251.1,230.5,98.7,98.7,34.0,61.0,35.1,77.0,255.0,7.8,,0.0,,98.1,-1.7,149.4,29.2,0.0,244.2,409.2,191.7,0.11261,1352.7,364.09997,493.0,403.3,350.2,454.5,143.2,898.2,1352.7,289.2,251.1,,,4.5,366.114,0.14777,,-6.2,47.4,47.4,56.6,64.1,-1.3,9.2,,762.7,,698.6,6.1,4.9,-28.4,4.4,7.3,9.8,-27.0,36.5,-52.6,24.6,-1.8,-0.4,11.6,,18.9,64.1,-4.5,1.4,0.0,SYNT.L,L,,21.2,,,,-0.6,0,688.6,,,,,,336.5,,,,,,,,,,,,,,,,,,,,,,,,,,,,,,,,,,,
2019-12-31,925,4,313,1025.0,7,440,37,66,599,148,205,111.0,618,903,-3,206,112,247.0,,398,735.0,1.39345,5976.0,335.85728,4948,3922,1448.0,633.0,1771,5343.0,5976.0,897.0,1172,,2418,,335.0,0.14925,291,-18,-66.0,-69.0,-1.0,17.0,,68,,2709.0,110,274.0,130,,-42,26,24,-44.0,-7,48.0,-192.0,59,-26,0,25,0,-3.0,-1,182,35,-43,PFC.L,L,712,281,,-110,,37.0,3,-3,,507,,1961,,99,362,,,,,,,,,,,,,,,,,,,,,,,,,,,,,,,,,,
2019-06-30,3041,4,95,993.0,7,311,53,68,673,118,343,76.0,26,893,26,246,191,305.0,,713,839.0,1.84059,6307.0,336.84783,4801,3918,1418.0,761.0,19,5546.0,6307.0,1031.0,3346,,2491,,343.0,0.44898,330,-10,139.0,135.0,193.0,203.0,,58,,2821.0,116,127.0,15,,-59,25,109,74.0,-52,190.0,-119.0,74,-15,0,208,-33,212.0,193,42,7,-86,PFC.L,L,898,298,,-115,,,4,-4,,529,,2109,,73,417,,,,,,,,,,,,,,,,,,,,,,,,,,,,,,,,,,
2020-03-31,8.574,292.405,,41.429,6.225,59.73,,,209.44,867.988,10.755,0.0,16.945,,,0.478,,0.0,7.743,,371.934,1.07728,947.955,622.46138,69.212,67.473,269.17,670.564,,277.391,947.955,209.44,8.574,,0.259,,621.74622,0.03264,23.177,-4.005,20.296,20.296,20.296,24.461,-0.16,0,,23.436,4.955,-1.2839999999999998,,,,3.0650000000000004,,23.556,-45.518,15.937000000000001,-2.255,,-3.318,,44.053,-0.699,-6.0249999999999995,20.296000000000003,-2.104,-45.518,-16.480000000000004,CSH.L,L,41.429,,,,,-6.239,,,,,,,,,2.264,,,,,,,,,,,,,,,,,,,,,,,,,,,,,,,,,,
2019-09-30,6.627,292.405,,47.454,6.225,,,,224.645,833.477,8.022,0.0,5.589,0.0,,0.18,,0.0,8.903,,368.811,1.07226,901.169,622.46138,59.67,8.903,224.645,667.441,,233.728,901.169,224.645,6.627,,,,622.46138,0.028,,-3.483,17.429,17.429,17.429,20.974,-0.062,0,,22.729,4.905,1.755,,,,2.739,,-0.259,-16.383,16.968,-0.799,,-3.85,,20.0,,0.326,17.429,0.338,-16.383,-16.409,CSH.L,L,47.454,,,,,-3.15,,,,,,,,,,,,,,,,,,,,,,,,,,,,,,,,,,,,,,,,,,,
2019-03-31,5.723,292.405,,47.128,6.225,,,,205.156,820.094,6.824,0.0,7.219,0.0,,,,0.0,15.324,,367.878,1.07076,886.988,622.46138,60.07,15.324,205.156,666.508,,220.48,886.988,205.156,5.723,,,,622.78271,0.01484,,-2.168,9.298,9.298,9.298,11.59,-0.124,0,,20.063,5.217,8.473,,,,1.7440000000000002,,87.981,-151.228,14.254000000000001,-0.562,,-3.742,,105.0,0.0,-48.992999999999995,9.298,5.518,-151.228,-13.277,CSH.L,L,47.128,,,,,3.256,,,,,,,,,,,,,,,,,,,,,,,,,,,,,,,,,,,,,,,,,,,
2019-12-31,2306.0,63.9,1847.0,1857.1,40.9,1912.6,88.4,1090.1,1573.2,249.7,95.7,0.0,518.9,446.1,,918.1,455.1,39.80000000000018,2619.6,582.2,4335.3,-2.71396,12418.0,684.93937,4736.3,4978.3,3900.2,4440.1,14.5,7977.9,12418.0,1987.6,2345.8,,4535.1,,686.6,0.19342,567.1,-58.1,58.2,59.7,86.5,164.6,-20.0,26.8,,5102.2,352.6,402.5,78.7,123.80000000000001,-80.19999999999999,61.800000000000004,32.099999999999994,141.79999999999998,-37.1,606.8,306.29999999999995,84.7,-63.00000000000001,3.3000000000000007,281.3,0.0,714.8,164.59999999999997,-72.6,43.1,-76.5,WG..L,L,,5.5,,,,-28.8,-1.5,,,,10.1,,,5208.9,,,,,,,,,,,,,,,,,,,,,,,,,,,,,,,,,,,
2019-06-30,2635.4,63.9,1156.7,1159.5,40.7,1055.4,60.0,1163.4,2067.7,238.7,122.2,0.0,331.0,374.9,,1043.3,373.7,49.29999999999973,2539.8,648.7,4238.9,-2.96535,11935.2,681.53937,4187.4,3970.1,3568.6,4343.5,12.2,7591.7,11935.2,2513.2,2684.7,,4233.4,,686.8,0.02883,554.8,-57.7,13.8,13.1,62.2,138.8,-18.9,49.1,,4788.2,407.8,416.0,28.9,118.6,-66.4,59.4,52.2,-242.2,-7.8,55.1,-183.2,84.8,-59.4,5.1,-24.2,0.4,-189.8,138.8,-103.9,58.6,-159.0,WG..L,L,,5.1,,,,-20.7,0.7,,,,2.8,,,5201.1,,,,,,,,,,,,,,,,,,,,,,,,,,,,,,,,,,,
2020-03-31,10.736,,,87.83,65.812,,,,100.0,1780.253,,0.0,,,,,,0.0,3.169,,1709.838,7.32275,1878.819,242.48414,98.566,3.169,100.0,1775.65,,103.169,1878.819,100.0,10.736,,11.132,,242.31784,-1.45565,-350.312,,-352.73,-352.73,-351.327,-351.327,,1.403,,-339.18,,1.0150000000000006,,,,1.1209999999999998,2.497,-61.042,41.793000000000006,6.792000000000002,70.322,,-1.1209999999999998,,-17.002,-24.395000000000003,-12.457,-349.875,286.345,41.793000000000006,-18.524,TEM.L,L,87.83,,,,,,,1.015,,,,0.0,,,,,,,,,,,,,,,,,,,,,,,,,,,,,,,,,,,,,
2019-09-30,8.811,,,100.287,66.582,,,,,2184.767,,117.132,,,,,,0.0,4.703,,2104.354,8.8406,2293.865,245.5644,109.098,122.929,117.132,2170.936,,122.929,2293.865,0.0,8.811,,11.444,,248.75686,0.50649,130.631,,125.992,125.992,129.551,129.551,,3.559,,142.075,,1.0799999999999983,,,,1.493,4.043,-81.648,71.128,37.594,-4.093,,-1.493,,-7.677,-45.058,27.074,131.009,-89.322,71.128,-27.42,TEM.L,L,100.287,,,,,,,1.08,,,,1.094,,,,,,,,,,,,,,,,,,,,,,,,,,,,,,,,,,,,,
2019-03-31,11.612,,,73.213,68.045,,,,,2162.435,,124.679,,,,,,0.0,2.654,,2050.139,8.42501,2247.26,251.41617,84.825,129.076,124.679,2118.184,,129.076,2247.26,0.0,11.612,,10.992,,254.81461,0.23318,61.573,,59.418,59.418,60.624,60.624,,1.206,,72.565,,0.9489999999999998,,,,1.5210000000000004,1.0620000000000003,-62.762,91.944,2.817999999999998,-2.696,,-1.5210000000000004,,0.006000000000000227,-48.49299999999998,32.0,62.214,-56.7,91.944,-12.753999999999998,TEM.L,L,73.213,,,,,,,0.949,,,,1.743,,,,,,,,,,,,,,,,,,,,,,,,,,,,,,,,,,,,,
2019-12-31,88.2,489.8,139.5,151.6,12.6,43.1,0.0,245.9,0.0,,,0.0,147.6,56.1,-189.7,159.9,0.0,9.0,,1418.9,1158.6,2.05172,2089.0,589.553,424.2,233.8,282.9,1455.5,13.8,633.5,2089.0,239.8,97.2,,144.7,,589.979,0.00218,118.4,-18.5,27.1,52.7,76.1,94.6,,23.4,81.8,263.1,14.7,23.80000000000001,-79.1,,-137.70000000000002,,-30.4,-107.9,-30.799999999999983,233.6,34.9,97.99999999999999,-5.9,1,-102.1,0.1,95.9,76.1,24.599999999999994,106.9,,CNE.L,L,7.0,,,,,,,6.4,,108.3,5.1,26.3,-428.5,0.0,14.0,1833.8,-15.8,,,,,,,,,,,,,,,,,,,,,,,,,,,,,,,,
2019-06-30,108.4,489.7,57.8,63.7,12.6,85.1,57.6,666.6,58.9,,,0.0,13.8,20.5,-175.0,173.8,2.6,59.099999999999994,,1128.4,1127.3,1.0931,2188.8,589.51429,264.8,211.3,393.8,1437.4,12.4,751.4,2188.8,308.7,167.5,,166.2,,585.581,0.10268,104.1,-16.9,66.5,66.5,43.4,60.3,,-23.1,25.2,270.3,17.6,43.80000000000001,-9.8,,-137.4,,0.0,-45.0,-135.4,172.9,-34.4,125.2,-8.0,-1,-37.0,0.0,-8.5,43.4,38.7,2.0,,CNE.L,L,,,,,,,,10.8,,84.1,5.9,21.6,-481.2,126.4,7.4,1609.6,-17.2,,,,,,,,,,,,,,,,,,,,,,,,,,,,,,,,
2020-03-31,50.7,54.0,53.2,53.2,0.9,1.6,24.0,27.2,,20.5,,0.0,2.2,14.7,3.7,,21.5,8.199999999999996,31.3,270.6,409.6,5.10077,549.2,86.45749,209.4,47.6,8.1,468.2,95.1,81.0,549.2,6.5,58.9,,63.5,,86.63985,0.49862,86.8,-0.2,41.1,41.1,49.9,50.1,,8.8,,150.3,34.6,36.7,2.1,1.3,-11.9,,15.6,-39.1,-18.4,38.2,-21.0,7.8,,0.0,-0.9,1.7,-19.3,41.1,9.0,-6.5,-39.9,VCT.L,L,,2.9,,,,,0.0,,,,0.0,,,,,,,,,,,,,,,,,,,,,,,,,,,,,,,,,,,,,,
2019-09-30,45.0,52.3,72.5,72.8,0.9,,21.6,27.4,,16.2,,0.0,1.5,22.9,1.8,,19.6,0.7000000000000028,30.1,260.8,406.6,5.02212,536.2,86.45749,212.2,53.0,0.0,461.6,92.2,74.6,536.2,0.0,45.7,,56.4,,86.48206,0.5504,88.9,0.1,48.2,48.2,54.5,54.4,,6.3,,145.3,35.2,34.50000000000001,-0.7,1.0999999999999999,-13.899999999999999,,7.1000000000000005,-8.599999999999994,-19.800000000000004,50.89999999999999,-13.900000000000002,7.8999999999999995,,0.9,,3.0,23.400000000000002,48.2,7.6000000000000005,-5.899999999999999,-11.600000000000009,VCT.L,L,,,,,,,,,,,0.3,,,,,,,,,,,,,,,,,,,,,,,,,,,,,,,,,,,,,,
2019-03-31,42.3,49.3,49.1,49.4,0.9,,21.6,26.8,,10.5,,0.0,2.7,16.2,3.6,,15.0,0.7000000000000028,25.7,254.1,369.5,4.59816,486.8,86.23007,180.4,41.9,0.0,423.3,85.3,63.5,486.8,0.0,43.0,,55.4,,86.35418,0.53501,87.4,0.5,44.2,44.2,50.2,49.7,,6.0,,142.8,35.5,37.699999999999996,2.2,1.2,-8.8,,3.8,-109.5,58.2,29.2,-30.7,7.2,,0.0,,1.3,-22.1,44.2,7.3,67.0,-110.8,VCT.L,L,,,,,,,,,,,0.3,,,,,,,,,,,,,,,,,,,,,,,,,,,,,,,,,,,,,,
2020-06-30,150.5,,,449.5,9.2,,0.0,5.5,49.1,,0.5,0.0,8.8,95.1,3.8,72.6,12.2,1.3000000000000114,197.9,49.6,591.6,0.56303,1019.1,457.7,610.1,293.0,49.1,604.4,,414.7,1019.1,49.1,151.8,,20.1,1.0,456.4,0.08845,161.9,-1.7,29.1,29.1,40.8,42.5,,11.7,,182.0,55.6,119.4,15.8,1.0,-1.4,0.9,16.3,15.7,-25.5,43.9,-18.8,3.0,16.6,,46.2,-6.3,34.1,42.5,16.2,-24.1,-40.8,JUP.L,L,204.7,,,-0.2,,4.0,,43.0,,,244.8,,,341.2,,,,,,,,,,,,,,,,,,,,,,,,,,,,,,,,,,,
2019-12-31,109.1,,,391.0,9.2,,0.0,5.8,,,0.5,0.0,12.7,81.4,2.1,77.2,16.7,0.0,158.4,51.7,600.7,0.57833,928.7,457.69992,512.8,239.8,0.0,611.7,,317.0,928.7,0.0,109.1,,20.7,1.0,457.5,0.12788,188.3,-0.9,55.1,55.1,69.6,70.5,,14.5,,209.0,62.6,117.8,4.3,1.0,-2.1,0.1,15.700000000000003,-30.69999999999999,-32.9,107.30000000000001,18.5,2.9,25.9,,-5.1,-16.099999999999998,43.7,70.5,14.399999999999999,-30.799999999999997,-35.400000000000006,JUP.L,L,166.7,,,-0.3,,9.0,,40.9,,,224.3,,,341.2,,,,,,,,,,,,,,,,,,,,,,,,,,,,,,,,,,,
2019-06-30,179.1,,,361.3,9.2,,0.4,5.7,,,0.5,0.0,11.3,96.8,3.0,82.3,15.2,0.0,191.2,52.8,584.4,0.54512,967.1,457.7,551.7,288.0,0.0,596.4,,370.7,967.1,0.0,179.1,,19.5,0.8,457.5,0.16143,190.8,-1.0,67.7,67.7,81.4,82.4,,13.7,,210.3,67.5,108.4,7.4,0.8,-1.5,0.1,18.5,-99.5,-9.0,42.5,-46.4,2.9,8.6,,,-16.3,-66.0,82.4,2.8,-7.5,-91.8,JUP.L,L,124.4,,,-0.2,,-6.9,,39.6,,,236.9,,,341.2,,,,,,,,,,,,,,,,,,,,,,,,,,,,,,,,,,,
2019-12-31,96.3,1266,,28.2,191.6,,0.4,,2504.9,6620.3,3.4,0.0,22.3,5.6,88.7,196.9,497.3,0.0,193.5,47.6,2832.9,5.71191,7315.4,766.29361,146.8,199.1,2541.8,4377.0,,2938.4,7315.4,2541.8,96.3,,20.0,3.5,765.3,-0.75225,111.4,-73.2,-781.2,-575.7,-573.8,-499.2,-1.4,1.9,,131.4,67.5,610.6,0,,-56.800000000000004,44.900000000000006,0.7,-560.0,425.3,100.3,42.6,,0,-1.2999999999999998,-477.5,-1.7000000000000002,-35.699999999999996,5.899999999999999,51.8,482.1,-80.80000000000001,HMSO.L,L,28.2,0.2,,-2.2,,564.2,0,-24.6,,,,,,,,,,,,,,,,,,,,,,,,,,,,,,,,,,,,,,,,,
2019-06-30,96.1,1266,,65.5,191.6,,0.5,,3094.8,8272.8,3.6,0.0,30.2,6.3,161.0,199.3,27.3,0.0,214.2,55.4,3375.9,6.51656,8550.9,766.29361,191.8,220.5,3136.7,4993.6,,3557.3,8550.9,3136.7,96.1,,11.5,1.8,765.1,-0.41798,81.1,-45.4,-319.8,-319.8,-319.2,-273.0,-0.8,0.6,,92.6,33.1,354.1,0,,-23.1,58.0,1.2,-33.7,1.3,66.8,4.6,,0,-0.1,85.8,-1.4,34.3,59.1,3.1,24.4,-118.1,HMSO.L,L,65.5,0.3,,-0.9,,332.1,0,-12.9,,,,,,,,,,,,,,,,,,,,,,,,,,,,,,,,,,,,,,,,,
2020-03-31,46.152,5.446,,40.785,0.61,1.619,,3.989,,1.025,,,,15.897,0.655,2.528,1.559,0.0,23.599,14.322,52.443,0.42619,113.42,121.88101,89.305,49.272,4.085,59.154,,54.266,113.42,2.466,46.152,,48.308,,123.606,0.07398,43.581,0.144,8.931,8.931,11.141,10.997,,2.21,,91.889,3.15,32.583999999999996,0.266,0.056,-0.38900000000000023,0.061,2.091,-13.062999999999999,-4.485,17.024,2.8810000000000002,1.7,-0.061,-0.0020000000000000018,-0.9239999999999999,0.069,-0.526,8.931000000000001,3.456,-4.096,-12.147,KNOS.L,L,40.785,,,,,,,29.168,,,,8.157,,3.22,2.368,,,,,,,,,,,,,,,,,,,,,,,,,,,,,,,,,,
2019-09-30,40.596,3.78,,41.311,0.607,1.508,,,,1.025,,0.0,,13.624,0.225,2.276,1.076,1.5690000000000026,17.15,14.986,54.558,0.48701,102.769,121.49588,85.682,38.417,4.414,59.17,,43.599,102.769,2.906,42.165,,46.509,,122.532,0.07862,40.38,0.163,9.633,9.633,12.009,11.846,,2.376,,86.889,0.79,28.534000000000006,,,-7.797,,1.251,-0.608,-7.797,7.207,-7.086,1.494,,0.021,-0.792,0.184,-1.177,9.633,3.166,,0.0,KNOS.L,L,41.311,,,,,,,27.744,,,,6.135,,,2.206,,,,,,,,,,,,,,,,,,,,,,,,,,,,,,,,,,
2019-03-31,37.468,3.596,,42.488,0.605,,,,,1.025,,0.0,,13.575,-0.21,1.392,1.31,3.138999999999996,21.412,2.978,44.176,0.39804,91.06,121.00944,85.747,41.501,0.0,48.167,,42.893,91.06,0.0,40.607,,45.832,,121.811,0.08192,38.283,0.088,9.979,9.979,12.403,12.315,,2.424,,84.115,0.866,25.967999999999996,,,-1.006,,1.422,-8.544,-1.006,13.177999999999999,-1.637,0.62,,0.018000000000000002,,0.373,3.645999999999999,9.979,4.216,0.0,-8.917,KNOS.L,L,42.488,,,,,,,25.102,,,,6.514,,,2.652,,,,,,,,,,,,,,,,,,,,,,,,,,,,,,,,,,
2019-12-31,263.4,516,140.6,140.6,20.1,321.6,0,515.6,3485.4,310.2,64.6,133.9,11.3,322.8,-229.2,661.1,138.8,0.0,712.1,5480.7,2645.2,-2.23769,12450.5,1371.95029,448.5,1490.4,7816.8,2937.7,33.2,9512.8,12450.5,7361.3,263.4,-14.4,1392.5,369.7,1376.5,0.08115,826.0,-383.7,62.9,62.9,72.6,335.5,120.8,9.7,,2218.5,67.3,490.5,56.5,,-272.1,70.8,68.19999999999999,-602.9,-256.2,704.3000000000001,-67.1,369.69999999999993,-42.39999999999999,-12.7,-40.299999999999955,0,-167.5,62.900000000000006,338.8,15.899999999999977,-520.2,CINE.L,L,,,,,,,,-3.0,,,,,,5492.1,,,,,,,,,,,,,,,,,,,,,,,,,,,,,,,,,,,
2019-06-30,224.1,516,308.1,308.1,20.1,395.1,9,529.5,3315.6,319.9,63.9,0.0,2.2,257.7,-262.7,737.2,230.2,0.0,792.6,5249.6,3060.1,-1.95648,12443.0,1371.8,568.4,1445.4,7319.4,3327.1,34.0,9115.9,12443.0,6924.3,224.1,-6.4,1356.6,360.1,1373.9,0.07475,794.6,-81.5,117.4,117.4,139.7,389.2,-168.0,22.3,,2151.2,65.5,405.4000000000001,-17.5,,-183.5,94.7,39.9,-998.9,397.2,589.4,-133.3,360.1,-94.7,4.1,-904.2,0,-8.2,117.4,245.2,580.7,0.0,CINE.L,L,,,,,,,,-2.7,,,,,,5481.5,,,,,,,,,,,,,,,,,,,,,,,,,,,,,,,,,,,
2019-12-28,335.0,,620.7,620.7,75.2,347.1,40.0,118.6,403.9,0,,0.0,6.0,47.0,1.9,94.7,3.6,0.0,852.2,1260.5,251.7,3.22377,2362.4,43.14824,979.7,1246.3,1039.2,257.7,18.0,2104.7,2362.4,692.1,335.0,,,,43.095,0.64277,,-11.0,27.8,36.8,49.0,60.0,,12.2,,1972.6,,1912.6,0,3.5,-66.0,16.4,24.4,-224.3,-60.3,275.0,1.2,213.6,-27.4,-0.5,-166.1,0.1,-10.1,36.8,19.9,5.7,-30.9,GOG.L,L,,31.6,,-71.1,,,-9.0,1912.6,,,,,,,,,,,,,,,,,,,,,,,,,,,,,,,,,,,,,,,,,
2019-06-29,350.3,,630.8,630.8,74.7,9.1,49.5,108.8,401.6,0,,0.0,7.1,46.9,3.5,96.9,55.5,0.0,847.7,631.9,303.2,4.66531,1801.2,43.14824,1005.0,903.7,415.0,310.1,16.8,1491.1,1801.2,405.9,350.3,,,,43.101,0.75636,,-4.8,32.7,40.3,52.8,56.6,1.0,12.5,,1886.3,,1829.7,0,2.4,-43.10000000000001,6.4,28.6,-5.799999999999997,-51.89999999999999,93.0,-3.3000000000000007,39.9,-13.7,,20.7,0.09999999999999998,35.3,40.3,13.700000000000003,-8.8,-12.899999999999999,GOG.L,L,,35.1,,-71.3,,,-7.6,1829.7,,,,,,,,,,,,,,,,,,,,,,,,,,,,,,,,,,,,,,,,,
2019-12-31,3.245,96.04,11.149,11.149,16.719,,,,114.049,1085.844,,0.0,,,,,,0.0,1.066,,872.364,14.7313,1100.238,66.87277,14.394,1.066,114.049,985.123,,115.115,1100.238,114.049,3.245,,4.426,,66.8748,1.82133,122.45,,121.801,121.801,121.877,121.877,,0.076,,126.876,,0.5729999999999995,,,,2.432,0.07599999999999998,-17.145,,7.089999999999996,9.595000000000006,,-2.433,,,,-10.055,121.877,-124.382,,-14.711999999999996,TMPL.L,L,,,,,,,,0.573,,,,,,,,,,,,,,,,,,,,,,,,,,,,,,,,,,,,,,,,,
2019-06-30,5.584,96.04,21.204,21.204,16.719,,,,114.01,966.271,,0.0,,,,,,0.0,1.014,,765.276,13.12993,993.059,66.87277,26.788,1.014,114.01,878.035,,115.024,993.059,114.01,5.584,,4.315,,66.87073,1.4489,97.53,,96.889,96.889,96.985,96.985,,0.096,,101.845,,0.5449999999999999,,,,2.432,0.096,-23.468,,35.667,38.056,,-2.423,,,,12.199,96.985,-99.374,,-21.045,TMPL.L,L,,,,,,,,0.545,,,,,,,,,,,,,,,,,,,,,,,,,,,,,,,,,,,,,,,,,
2019-12-31,205.4,1594.5,113.2,113.2,510.1,53.0,82.4,966.1,1141.0,41.9,45.8,0.0,358.1,306.7,-82.2,72.2,9.1,1.1999999999999886,354.6,1848.9,-323.0,-0.57213,4744.8,827.61616,721.9,714.3,2322.8,1603.7,44.0,3141.1,4744.8,2269.8,206.6,,829.6,25.9,4324.25875,0.01175,168.2,-95.4,627.9,-5.8,-34.1,61.3,,-28.3,,997.8,43.8,106.89999999999998,41.8,42.0,-38.49999999999999,32.8,18.700000000000003,-1362.0,1154.1999999999998,193.7,-86.6,78.9,-111.5,10.7,-371.5,-1.9999999999999996,-3.4000000000000004,73.80000000000001,85.6,1192.7,-877.0,SIG.L,L,,2.4,,-95.7,,-2.5,-0.2,-2.1,,,,,-89.3,1111.1,,1188.8,,,,,,,,,,,,,,,,,,,,,,,,,,,,,,,,,
2019-06-30,257.0,1594.5,116.7,116.7,510.0,57.9,161.1,1293.0,1486.2,52.2,55.3,0.0,430.8,247.4,-104.8,68.4,,0.8999999999999773,406.7,1830.5,-33.7,-0.74246,5367.3,838.56,943.2,712.0,2618.0,1863.5,137.8,3503.8,5367.3,2560.1,257.9,,978.0,47.9,831.52,0.08911,284.7,-73.6,31.2,46.8,57.5,131.1,,10.7,,1262.7,95.9,153.5999999999999,12.8,53.3,-42.1,38.7,23.0,-190.7,-58.6,273.3,-25.4,78.6,-70.4,-9.5,-14.3,-2.1,14.5,131.1,35.7,-16.5,-103.9,SIG.L,L,,2.2,,-102.5,,-1.6,-0.2,-1.4,,,,,-44.2,1193.1,,1109.3,,,,,,,,,,,,,,,,,,,,,,,,,,,,,,,,,
2019-12-31,300.7,70.7,385.8,385.8,242.9,59.2,107.8,1101.3,1445.3,,,0.0,,48.8,-99.1,28.3,68.5,0.0,289.3,406.1,1357.3,-0.30547,3609.8,1983.51385,968.3,397.3,1574.6,1561.0,281.8,2048.8,3609.8,1515.4,300.7,,441.9,,1975.47315,-0.01397,496.4,-43.9,-34.7,-34.7,-42.4,3.3,-1.8,-7.7,30.1,938.3,357.5,493.1,,76.5,-29.9,18.5,20.5,-152.0,-41.699999999999996,207.8,6.0,29.7,,-4.3,-117.19999999999999,-14.0,9.800000000000004,-34.7,130.3,-11.8,-20.800000000000004,CTEC.L,L,,,,-10.8,,,,105.5,,,,,,1065.6,,,,,,,,,,,,,,,,,,,,,,,,,,,,,,,,,,,
2019-06-30,272.0,58.3,376.0,376.0,242.2,98.2,121.0,1263.2,1508.1,,,0.0,,197.0,-128.8,23.4,54.8,0.0,115.0,397.8,1431.0,-0.35664,3727.1,1977.35401,972.0,410.2,1673.4,1597.3,291.9,2129.8,3727.1,1575.2,272.0,,429.7,,1971.47133,0.02516,459.2,-37.0,44.5,44.5,61.3,93.6,4.7,16.8,23.7,888.9,341.9,365.59999999999997,,75.4,-31.5,29.5,16.5,-100.5,-31.1,194.0,-39.4,28.2,,-2.0,-41.4,,60.4,44.5,85.3,0.4,-59.1,CTEC.L,L,,,,-5.4,,,,,,,,,,1039.3,32.1,,,,,,,,,,,,,,,,,,,,,,,,,,,,,,,,,,
2019-12-31,1.335,173.657,3.862,3.862,33.091,,,,,1338.466,,0.0,,0.001,,,,0.0,2.26,,1134.654,11.11288,1343.663,120.70696,5.197,2.261,0.0,1341.402,,2.261,1343.663,0.0,1.335,,5.566,,121.39304,0.43305,53.962,,52.569,52.569,53.248,53.248,,0.679,,59.528,0.714,0.7140000000000004,,,,,-0.087,-24.936,18.454,4.4,4.4,,,-0.003,,-14.041,-2.085,,,18.454,-10.895,JMG.L,L,,,,,,,,,,,,,,,,,,,,,,,,,,,,,,,,,,,,,,,,,,,,,,,,,
2019-06-30,3.102,173.657,5.947,5.947,33.091,,,,,1305.035,,0.0,0.0,0.0,,,,0.0,0.315,,1107.021,10.75808,1314.084,122.11924,9.049,0.315,0.0,1313.769,,0.315,1314.084,0.0,3.102,,5.581,,122.62726,1.44844,179.669,,177.618,177.618,179.002,179.002,,1.384,,185.25,0.667,0.6669999999999998,,,,0.0,0.0,-12.682000000000002,2.058,5.659999999999999,9.756,,,0.006,,-6.541999999999999,-4.957999999999999,179.002,-183.098,2.058,-6.139999999999999,JMG.L,L,,,,,,,,,,,,,,,,,,,,,,,,,,,,,,,,,,,,,,,,,,,,,,,,,
2020-04-30,1.78,39.922,116.392,116.392,18.453,,,,83.967,589.697,,0.0,,,,1.279,,0.0,,,564.063,8.43258,707.869,73.81351,118.172,0.185,83.967,622.438,,85.431,707.869,83.967,1.78,,2.48,,73.834,-0.52721,-36.393,,-38.926,-38.926,-38.104,-38.104,,0.822,,-33.913,,1.7109999999999999,,,,2.434,,-17.863,54.205,7.672,-0.622,,-2.434,,,-0.623,44.014,8.877,-0.583,54.205,-14.806,SCIN.L,L,,,,,,,,1.711,,0.185,,,,,,,,,,,,,,,,,,,,,,,,,,,,,,,,,,,,,,,
2019-10-31,2.459,39.922,72.378,72.378,18.474,,,,83.921,687.82,,0.0,,,,1.279,,0.0,,,618.397,9.15903,762.657,73.89351,74.837,0.664,83.921,676.793,,85.864,762.657,83.921,2.459,,2.475,,74.92857,0.10615,11.227,,7.954,7.954,8.883,8.883,,0.929,,13.702,,2.344,,,,2.4290000000000003,,-33.929,22.792,14.818999999999999,1.1880000000000002,,-2.4290000000000003,,,-19.527,3.6819999999999986,14.469000000000001,-0.838,22.792,-11.973,SCIN.L,L,,,,,,,,2.344,,0.664,,,,,,,,,,,,,,,,,,,,,,,,,,,,,,,,,,,,,,,
2019-04-30,3.918,39.922,68.696,68.696,19.063,,,,83.875,712.966,,0.0,,,,1.337,,0.0,,,637.061,9.12851,785.58,76.24972,72.614,4.322,83.875,696.046,,89.534,785.58,83.875,3.918,,2.474,,76.79644,0.00089,2.857,,0.068,0.068,1.068,1.068,,1.0,,5.331,,1.7889999999999997,,,,2.428,,-19.47,-2.917,7.847,-3.248,,-2.428,,,-9.215,-14.54,11.765,-0.67,-2.917,-7.827,SCIN.L,L,,,,,,,,1.789,,4.322,,,,,,,,,,,,,,,,,,,,,,,,,,,,,,,,,,,,,,,
2019-12-31,23.623,518.142,,48.153,49.003,5.373,112.566,53.123,609.463,49.56,0.556,0.0,,203.277,0.0,91.467,71.279,88.15899999999999,,1209.817,57.926,0.17278,1852.043,3310.21028,467.708,395.215,622.641,625.071,307.773,1226.972,1852.043,617.268,111.782,,85.543,83.768,3310.23288,-0.00222,350.718,-55.322,12.593,12.15,36.163,143.644,-52.159,24.013,,436.261,84.494,207.074,-30.655,,-85.923,34.465999999999994,16.165,5.7010000000000005,-91.11000000000001,94.383,-85.51599999999999,83.768,-6,0.040999999999999925,11.701,0.0,9.015,36.163,59.967999999999996,-5.187000000000005,,POG.L,L,14.181,10.456,,,,34.257,0.443,35.21,,134.818,33.972,51.747,-1534.713,,,2744.53,,,,,,,,,,,,,,,,,,,,,,,,,,,,,,,,,
2019-06-30,24.867,518.142,,38.138,49.003,99.901,102.473,47.982,499.504,71.822,0.538,0.0,1.0,162.034,-14.992,71.324,83.05,63.235,,1098.767,39.481,0.16423,1627.31,3310.21028,325.151,348.155,602.775,591.634,197.911,1035.676,1627.31,502.874,88.102,,83.191,54.007,3308.15424,0.00355,222.137,-20.582,14.29,13.543,16.776,5.676,31.682,3.233,,305.328,68.842,216.46099999999998,-3.163,,-45.011,32.694,16.558,3.177,6.424,1.055,-69.566,54.007,6,2.33,-0.608,-2.215,12.986,16.776,-0.162,51.435,,POG.L,L,15.563,10.85,,,,21.927,0.747,74.848,,50.666,22.575,35.554,-1480.215,,,2578.982,,,,,,,,,,,,,,,,,,,,,,,,,,,,,,,,,
2020-03-31,930.8,873,1351.4,1351.4,303.4,538.1,115.2,379.5,2050.0,160.8,55.5,0.0,153.9,128.1,-152.3,248.2,530.5,13.600000000000023,1366.3,1589.9,1510.2,-0.03263,7530.7,505.5966,2643.2,2032.5,3122.9,2534.3,193.5,4996.4,7530.7,2584.8,944.4,,2051.2,,505.34206,0.01306,203.5,-30.4,-324.6,-324.3,-330.7,-294.6,-5.7,-6.4,,2254.7,216.8,498.10000000000036,320.3,48.7,-79.0,50.400000000000006,19.60000000000001,595.7,46.0,260.59999999999997,86.0,134.5,-1.2000000000000002,-12.2,633.3,0.0,890.1,-333.6,325.0,125.00000000000001,-36.39999999999999,BAB.L,L,,15.7,,,,-39.0,-0.3,,,,,,,2171.3,,,,,,,,,,,,,,,,,,,,,,,,,,,,,,,,,,,
2019-09-30,963.0,873,458.6,458.6,303.4,204.1,93.3,420.3,1739.8,133.2,60.2,0.0,36.7,38.5,-109.5,336.8,549.6,22.5,1337.9,1613.7,1769.3,-0.3667,7070.5,505.5966,1692.2,1580.5,2409.1,2836.2,211.4,4234.3,7070.5,2205.0,985.5,,1889.3,,506.21394,0.25562,305.5,-31.4,129.4,131.1,152.5,188.3,-4.4,21.4,,2194.8,136.8,117.20000000000005,,47.8,-95.6,34.5,52.8,154.8,-43.3,69.8,-252.8,103.3,-0.6,2.1,274.0,-2.9,183.4,168.7,2.8,52.3,-115.7,BAB.L,L,,18.7,,,,-19.6,-1.7,,,,,,,2601.3,,,,,,,,,,,,,,,,,,,,,,,,,,,,,,,,,,,
2019-03-31,907.8,873,275.2,319.5,303.4,53.9,103.2,448.9,1357.6,185.3,51.8,0.0,3.7,90.4,,306.7,455.0,11.100000000000023,1381.4,1014.3,1691.1,-0.32753,6178.1,505.5966,1438.6,1525.7,1411.5,2867.5,196.5,3310.6,6178.1,1357.6,918.9,,1913.3,,507.15885,0.35196,306.7,-15.4,141.2,141.6,170.1,193.6,-8.1,28.5,,2220.0,159.5,113.10000000000014,,53.0,-123.8,41.0,27.299999999999997,-157.4,-46.3,235.09999999999997,-11.3,49.19999999999999,-4.1,-3.3,-117.19999999999999,0.0,28.1,147.2,-3.0,77.5,-36.099999999999994,BAB.L,L,,17.4,,,,-46.4,-0.4,,,,44.3,,,2584.2,,,,,,,,,,,,,,,,,,,,,,,,,,,,,,,,,,,
2020-03-31,,3.0,,,144,,246,515,9245,,,,,,915,3046,958,,,318,4012.0,3.17053,90054.0,1437.93037,,,16768.0,5074.0,,84980.0,90054.0,9245.0,,,,,1440.0,0.11073,,,22.0,22.0,-7.0,,,-29,,,,,,,-54,461,12,-718.0,-309,-707.0,-343.0,,-118,,-600,0,-1734.0,-7,-357,-255,0,VMUK.L,L,,,,,,,0,,-40,,,,,,,,,,,,,834,,,,,,,,,6717.2,,72984.0,6864.16,64920.0,1113.0,91.0,553.0,644.0,-705.0,145.0,469.0,,,,,,7523.0,
2019-09-30,,,,,146,,201,516,9591,,,,,,915,3266,718,,,145,3960.0,3.1405,90999.0,1434.48569,,,18453.0,5021.0,,85978.0,90999.0,9591.0,,,,,1438.0,0.06019,,,-233.0,-216.0,-274.0,,,-58,,,,,,,-78,419,8,-544.0,-252,728.0,1579.0,,-202,,-342,0,-68.0,-274,-577,-174,0,VMUK.L,L,,,,,,,-17,,-23,,,,,,,,,,,,,841,,,,,,,,,7919.799999999999,,72884.0,6956.94,64058.0,1154.0,79.0,598.0,677.0,-1035.0,163.0,477.0,,,,,,8862.0,
2019-03-31,,,,,146,,140,495,8667,1.0,,,,,697,3018,505,,,150,4093.0,3.0981,90155.0,1433.46144,,,19677.0,4936.0,,85219.0,90155.0,8667.0,,,,,1391.0,0.17759,,,21.0,37.0,42.0,,,5,,,,,,,-72,407,0,2.0,4204,-341.0,75.0,,-113,,-87,247,3865.0,42,-458,4276,-45,VMUK.L,L,,422.0,,,,,-16,,-18,,,,,,,,,,,,,725,,,,,,,,,7952.7,,72473.0,6830.8099999999995,61959.0,1239.0,173.0,624.0,797.0,-726.0,144.0,442.0,,,,,3.0,11010.0,
2020-06-30,,,496.5,,121.3,,12.2,154.5,323.7,1771.1,,0.0,,43.6,24.8,18.5,,,,17.7,1366.7,5.60779,3554.1,241.0217,,,343.3,1506.1,,2048.0,3554.1,343.3,60.9,,,,205.2293,-0.12669,,-11.0,-26.0,-26.0,-23.0,-12.0,,3.0,,,7.0,257.4,,,0.0,8.3,,308.8,-114.0,-15.2,8.6,1.7,-9.5,-3.5,-1.8,340.3,176.1,-23.0,-2.5,-114.0,-20.2,LRE.L,L,,0.1,,-6.7,,,0.0,59.0,,,,,,,,,,,,,459.1,497.5,1630.3,59.0,132.4,16.0,10.6,210.048,,,,,,,,,,,,,,,96.8,,,,,,
2019-12-31,,,320.4,,101.5,2.5,9.6,154.5,323.5,1633.4,,0.0,,49.9,13.5,18.7,,,,19.4,1091.9,5.15801,3052.7,201.45362,,,345.4,1193.6,,1859.1,3052.7,342.9,68.6,,,,204.82161,0.38473,,-10.2,78.8,79.1,79.0,89.2,,-0.1,,,5.8,162.1,,,-0.5000000000000001,9.1,,-21.300000000000004,45.900000000000006,62.7,-5.200000000000003,1.9,-9.4,0.30000000000000004,-1.8,,87.60000000000001,79.0,-12.999999999999998,46.400000000000006,-10.099999999999998,LRE.L,L,,0.6,,-13.3,,,-0.3,54.4,,,,,,,,,,,,,350.5,424.2,1434.9,45.5,56.4,23.9,9.1,209.568,,,,,,,,,,,,,,,81.7,,,,,,
2019-06-30,,,232.8,,101.0,2.4,12.3,153.8,324.1,1646.5,,0.0,,56.8,15.3,12.8,,,,20.8,1009.8,4.78851,3127.5,201.94192,,,346.6,1120.8,,2006.7,3127.5,344.2,99.4,,,,202.91766,0.19269,,-11.6,39.1,39.1,40.5,52.1,,1.4,,,3.8,190.2,,,-0.6,9.4,,-32.3,137.5,-28.2,-67.3,2.0,-10.4,1.2,-1.8,,78.2,40.5,-3.4,138.1,-20.1,LRE.L,L,,0.3,,-5.3,,,0.0,53.1,,,,,,,,,,,,,425.4,464.0,1577.9,59.9,73.4,19.7,-0.2,213.888,,,,,,,,,,,,,,,84.8,,,,,,
2019-12-31,,,,3.277,873.804,,,,,1108.477,,0.0,,13.352,,,,,,,225.165,2.23777,1114.026,491.10077,5.549,15.057,0.0,1098.969,,15.057,1114.026,0.0,2.272,,,,491.10077,0.17516,,-1.083,86.023,86.023,86.207,87.29,,0.184,,95.353,3.754,8.063,,,,0.881,0.016,-27.439,,-86.20500000000001,-104.411,,-0.769,0.646,0,,-112.99799999999999,,18.206,,-26.669999999999998,APAX.L,L,3.277,,,,,,,4.309,,,,1.705,,,,,,,,,,,,,,,,,,,,,,,,,,,,,,,,,,,,,
2019-06-30,,,116.275,116.275,873.804,,,,,938.325,,0.0,,26.528,,,,,,,160.713,2.10653,1062.726,491.10077,124.401,28.209,0.0,1034.517,,28.209,1062.726,0.0,8.126,,,,491.10077,0.25434,,-0.777,124.909,124.909,125.137,125.914,,0.228,,131.808,3.31,5.894,,,,1.029,0.036,-24.583,,123.436,133.064,,-0.941,0.116,0,,98.969,,-9.628,,-23.642,APAX.L,L,17.306,,,,,,,2.584,,,,1.681,,,,,,,,,,,,,,,,,,,,,,,,,,,,,,,,,,,,,
2019-12-31,0.118,127.155,1.399,1.83,9.651,,0.124,,,845.777,,90.682,,4.317,,,,0.187,,,620.304,4.33167,852.233,174.78473,6.456,94.999,90.682,757.11,,95.123,852.233,0.0,0.305,,4.9,,175.94039,-0.00473,0.639,,-0.833,-0.833,0.114,0.114,,0.947,,5.539,0.513,0.5249999999999995,,,,1.944,1.005,-40.69,,2.3629999999999995,-17.21,,-1.976,-0.261,-20,-4.632,-38.588,0.11400000000000432,19.45899999999999,,-14.082000000000004,BRWM.L,L,,,,,,,,0.012,,,0.431,,,,4.321,,,,,,,,,,,,,,,,,,,,,,,,,,,,,,,,,,
2019-06-30,,127.155,39.888,41.032,9.651,,0.12,,,850.937,,114.288,,5.575,,,,,,,640.765,4.40974,897.554,176.33024,46.617,119.863,114.288,777.571,,119.983,897.554,0.0,5.585,,5.159,,176.33024,0.65161,116.563,,114.899,114.899,116.038,116.038,,1.139,,121.722,0.517,0.5250000000000004,,,,1.871,1.154,-24.794,,29.328,9.36,,-1.871,-0.147,0,0.0,4.387,116.038,-96.07,,-22.923,BRWM.L,L,,,,,,,,0.008,,,1.144,,,,,,,,,,,,,,,,,,,,,,,,,,,,,,,,,,,,,,
2019-12-31,4.3,,,153.1,213.6,1.6,,,546.1,2545.8,197.5,0.0,0,35.7,,3.6,57.9,118.60000000000001,,5.7,2263.9,2.90004,3099.4,854.29916,292.5,63,556.9,2477.5,,621.9,3099.4,555.3,122.9,,8.1,,854.8,0.09725,28.5,-10.2,-166.4,67.9,67.5,71.5,6.2,-0.4,,36.6,15.9,-43.0,6.2,,,10.1,0.4999999999999999,-27.400000000000002,126.4,-12.700000000000001,-27.1,0.30000000000000004,3.9999999999999996,,-29.9,0.5,86.3,67.50000000000001,-53.400000000000006,126.4,-2.0,CAPC.L,L,153.1,0.0,,,,-64.2,11.2,-0.9,,0,,25.7,,,16.5,,,,,,,,,,,,,,,,,,,,,,,,,,,,,,,,,,
2019-06-30,6.4,226.6,,66.8,212.8,1.6,,,641.5,3212.5,177.5,0.0,0,34.1,,3.7,57.3,16.6,,7.3,2204.3,3.10552,3560.7,851.29142,106.1,57,652.5,2643.7,,917.0,3560.7,650.9,23.0,,8.4,,851.2,-0.0726,32.6,-18.2,-87.2,-130.2,-128.8,-116.3,5.7,1.4,,41.0,17.8,148.9,24.5,,,10.1,0.9,21.6,21.6,-8.9,-21.1,1.0,0.1,,29.0,0.0,34.3,-128.8,140.0,21.6,-7.5,CAPC.L,L,66.8,205.4,,,,107.5,43.0,-0.9,,0,,21.3,,,16.3,,,,,,,,,,,,,,,,,,,,,,,,,,,,,,,,,,
2020-01-31,1.142,12.936,14.47,14.47,7.292,,,,,778.416,,0.0,,,,,,0.0,0.483,,773.317,11.52118,794.028,68.87706,15.612,0.483,0.0,793.545,,0.483,794.028,0.0,1.142,,4.954,,68.91435,-0.13907,-7.958,,-9.584,-9.584,-9.584,-9.584,,0,,-3.004,,1.6260000000000003,,,,0.061,,-8.994000000000002,,-22.254,0.534,,-0.766,-1.002,,-1.334,-32.25,,-22.788,,-6.894,ICGT.L,L,,,,,,,,1.626,,,,,,,,,,,,,,,,,,,,,,,,,,,,,,,,,,,,,,,,,
2019-07-31,1.702,12.936,46.72,46.72,7.292,,,,,763.492,,0.0,,,,,,0.0,0.557,,791.129,11.75419,811.914,69.02706,48.422,0.557,0.0,811.357,,0.557,811.914,0.0,1.702,,4.618,,69.14004,1.30299,91.695,,90.089,90.089,90.089,90.089,,0,,96.313,,1.6059999999999999,,,,,,-11.463,,-3.653,0.756,,-1.871,1.21,,-1.294,-13.906,,-4.409,,-8.298,ICGT.L,L,,,,,,,,1.606,,,,,,,,,,,,,,,,,,,,,,,,,,,,,,,,,,,,,,,,,
2019-01-31,0.548,12.936,60.626,60.626,7.292,,,,,670.072,,0.0,,,,,,0.0,0.386,,710.632,10.56506,731.246,69.17706,61.174,0.386,0.0,730.86,,0.386,731.246,0.0,0.548,,4.154,,69.22488,0.40286,29.224,,27.888,27.888,27.888,27.888,,0,,33.378,,1.3360000000000003,,,,,,-8.332999999999998,,-2.843,-0.14000000000000012,,-0.7,-0.31400000000000006,,-0.709,-11.490000000000002,,-2.7030000000000003,,-6.9239999999999995,ICGT.L,L,,,,,,,,1.336,,,,,,,,,,,,,,,,,,,,,,,,,,,,,,,,,,,,,,,,,
2019-12-31,4839,2330,1342,1466.0,360,226,151,1455,4149,1437,154,548.0,1444,2495,-609,2837,1102,115.0,5533,3133,-869.0,-0.48476,18154.0,5819.35524,8295,8885,5260.0,1212.0,431,16942.0,18154.0,4486.0,4954,,11092,,5814.0,0.08067,1925,-131,-473.0,-582.0,-535.0,-403.0,-1,47,,13017.0,,2328.0,904,,-429,159,13,-507.0,-403,1073.0,56.0,1524,-159,-8,-260,0,155.0,-403,-104,26,-88,CNA.L,L,,583,,,,82,109,1342,,,124,83,,2578,,,,,,,,,,,,,,,,,,,,,,,,,,,,,,,,,,,
2019-06-30,4684,2330,715,737.0,360,333,107,1856,4286,1899,136,76.0,1060,2125,-243,3541,1207,209.0,5208,4171,-315.0,-0.41722,18996.0,5817.10058,7024,7834,5078.0,2132.0,334,16864.0,18996.0,4669.0,4893,,11881,,5702.0,0.08348,1927,-124,-550.0,-521.0,-569.0,-446.0,1,-48,,13808.0,,2373.0,845,,-352,84,79,-570.0,-100,177.0,-29.0,775,-208,4,19,2,-489.0,-446,-123,252,-383,CNA.L,L,,713,,,,128,-29,1400,,,22,92,,2703,,,,,,,,,,,,,,,,,,,,,,,,,,,,,,,,,,,
2019-12-31,99.864,185.112,131.02,131.02,121.628,138.367,0.14,47.552,267.431,8.064,,0.0,,32.879,-1684.722,36.644,317.727,37.56100000000001,,1055.402,2810.622,2.21704,1939.557,588.62414,510.812,276.13,412.378,1352.554,199.714,587.003,1939.557,274.011,137.425,,314.892,,588.288,0.22787,404.721,-24.757,132.935,132.942,141.727,168.727,-2.243,8.785,,719.613,196.105,235.99399999999997,,,-133.51,14.048000000000002,48.194,-42.979,-132.68900000000002,217.85999999999999,-22.716000000000008,42.480999999999995,0.0,-3.109,34.18,,39.083,141.72699999999998,56.368,0.8210000000000002,-77.15899999999999,FXPO.L,L,,0.078,,-77.26,,29.618,-0.007,10.271,,65.627,,39.257,,,42.653,,-2.826,,,,,,,,,,,,,,,,,,,,,,,,,,,,,,,,
2019-06-30,127.205,185.112,,91.937,121.628,66.937,0.65,42.419,301.511,6.167,0.0,0.0,0.0,51.51,-1856.321,26.304,301.662,34.79899999999999,,829.845,2721.736,1.78236,1653.064,588.62414,472.971,227.245,374.151,1091.561,185.149,561.503,1653.064,307.214,162.004,,266.851,,588.278,0.45858,520.26,-11.957,269.435,270.351,317.848,332.53,-2.725,47.497,,787.111,164.267,187.73000000000002,,,-113.968,19.884,35.536,-115.966,-110.95,255.516,-126.5,39.649,-0.131,0.341,-38.072,,28.941,317.848,24.519,3.018,-77.763,FXPO.L,L,91.937,0.09,,-77.26,,13.02,-0.916,10.443,,76.279,,32.519,,,33.881,,-3.334,,,,,,,,,,,,,,,,,,,,,,,,,,,,,,,,
2019-12-31,609.2,462.9,89.5,89.5,24.5,140.7,26.7,96.5,248.9,23.6,26.5,0.0,3.0,145.8,-179.8,200.1,142.2,6.7999999999999545,489.0,392.6,238.2,-0.18498,2079.4,1223.38064,726.8,775.5,674.9,541.4,18.3,1538.0,2079.4,534.2,616.0,,1591.4,5.2,1276.0,0.0365,181.5,-11.2,52.1,52.0,74.0,85.3,-0.1,22.0,,1772.9,112.7,96.19999999999982,-7.7,13.900000000000002,-12.600000000000001,11.7,14.0,17.5,-182.9,83.60000000000001,-7.600000000000001,47.60000000000001,-7.0,-2.1,24.400000000000002,0.09999999999999432,-83.9,85.3,-55.6,-170.29999999999998,,SRP.L,L,,1.5,,-4.4,,-14.0,0.1,,,,,,,671.2,,,,,,,,,,,,,,,,,,,,,,,,,,,,,,,,,,,
2019-06-30,592.4,462.9,173.4,173.4,24.5,80.4,25.0,58.5,212.2,21.4,30.9,0.0,7.7,237.3,-132.1,206.6,165.2,7.0,431.6,161.3,184.8,-0.08942,1818.1,1223.38064,799.4,749.3,385.4,530.5,18.9,1287.6,1818.1,305.0,599.4,,1336.9,2.3,1122.0,0.03779,138.6,-9.9,-1.7,-1.4,6.7,17.2,-0.6,8.1,,1475.5,101.5,121.39999999999986,31.1,11.7,-11.7,9.7,17.2,98.9,-7.6,19.3,-29.1,26.8,-17.6,0.3,-22.3,138.8,110.9,17.2,-7.3,4.1,,SRP.L,L,,1.7,,-9.6,,-13.5,-0.3,,,,,,,581.4,,,,,,,,,,,,,,,,,,,,,,,,,,,,,,,,,,,
2019-12-31,,98.4,116.4,116.4,54.2,80.0,19.6,532.7,126.2,3.5,7.8,0.0,,17.6,13.9,9.7,0.1,,,328.1,239.7,-0.32379,1015.6,390.68352,143.4,245,415.0,406.2,2.8,609.4,1015.6,335.0,24.2,,210.4,3.7,390.7,0.10289,187.0,-6.6,39.9,39.8,49.3,56.2,-0.3,9.5,,397.4,,130.79999999999998,-0.1,,-23.4,6.7,10.0,71.2,-108.9,93.0,-5.9,37.9,-2.0,-0.6,94.7,,54.7,56.1,4.9,-85.5,-21.5,RNK.L,L,,0.1,,,,,0.1,127.2,,147.4,,,,,,,,,,,,,,,,,,,,,,,,,,,,,,,,,,,,,,,
2019-06-30,,98.4,61.8,61.8,54.2,54.7,22.1,447.8,5.3,3.5,4.1,0.0,,22.1,17.7,61.9,0.1,,,161.5,227.7,-0.12747,709.3,390.68352,92.3,222,60.0,398.0,2.7,311.3,709.3,5.3,27.8,,378.2,,390.8,0.17375,316.9,-2.1,29.1,27.6,34.6,37.4,-0.7,7.0,,695.1,,279.50000000000006,35.1,,-19.9,1.8,5.799999999999999,-9.900000000000002,-44.1,49.199999999999996,-4.800000000000001,23.200000000000003,,-0.7,-1.5,,-5.5,13.2,17.6,-24.2,-8.400000000000002,RNK.L,L,,,,,,,,244.4,,145.2,,,,,,,,,,,,,,,,,,,,,,,,,,,,,,,,,,,,,,,
2019-12-31,47.061,,278.229,284.683,672.105,,,,,,0.093,0.0,,8.816,,14.575,52.658,0.0,,872.855,619.532,1.11783,1372.439,1155.48234,446.833,66.227,0.0,1291.637,108.957,80.802,1372.439,0.0,47.061,,229.607,0.195,1163.07752,0.07077,134.601,,67.796,113.335,113.402,113.402,,0.067,6.43,364.208,8.134,21.199000000000012,14.523,,-48.905,,-0.0040000000000000036,-94.05700000000002,-39.49600000000001,132.628,-28.233,55.576,-47.7,2.2960000000000003,,,1.3710000000000004,113.40199999999999,-8.116999999999999,9.408999999999999,-46.357,CEY.L,L,,,,,,-2.996,-45.539,-5.087,,57.411,6.454,,-744.88,,6.132,1549.597,,,,,,,,,,,,,,,,,,,,,,,,,,,,,,,,,
2019-06-30,18.301,,276.858,286.3,672.105,,,,,,0.091,0.0,,8.559,,13.954,47.629,0.0,,878.963,598.961,1.09958,1340.426,1155.95538,413.743,55.406,0.0,1271.066,102.616,69.36,1340.426,0.0,18.301,,204.769,0.198,1158.37569,0.02897,83.367,,19.667,59.582,59.627,59.627,,0.045,10.453,288.136,5.941,23.73999999999998,13.897,,-44.5,,0.048,-74.047,-50.657,116.376,4.569,60.611,-39.375,2.559,,,-5.769,59.627,-8.431,-6.157,-34.672,CEY.L,L,,,,,,-5.98,-39.915,-0.769,,46.847,9.442,,-689.313,,6.526,1504.755,,,,,,,,,,,,,,,,,,,,,,,,,,,,,,,,,
2020-06-30,128.7,177.1,,23.9,33.1,14.5,52.7,127.2,,4.2,2.4,47.5,0.1,44.5,67.4,32.5,6.4,16.700000000000017,194.1,633.2,461.6,1.97852,1186.1,191.45617,187.7,300.6,130.5,731.0,18.3,455.1,1186.1,68.5,145.4,,277.8,,190.20503,0.1251,28.9,-2.8,-2.4,-2.3,-3.8,-1.0,,-1.5,,306.7,,29.899999999999977,29.9,5.9,-33.5,2.5,6.6,23.9,-97.8,75.5,18.8,39.9,-2.2,0.0,26.6,-0.5,1.6,-2.3,13.2,-64.3,0.0,BOY.L,L,23.9,0.8,,-8.2,,,-0.1,,,,,,,225.0,,,,,,,,,,,,,,,,,,,,,,,,,,,,,,,,,,,
2019-12-31,142.9,177.1,,22.0,33.1,13.4,48.6,42.6,,4.2,1.2,1.1,0.0,35.2,37.9,29.6,6.1,15.699999999999989,127.4,607.8,468.5,2.57291,1027.1,191.45617,195.4,177.1,80.5,705.0,14.8,322.1,1027.1,66.0,158.6,,288.4,,191.62672,0.22686,64.8,-2.3,46.9,47.0,61.7,64.2,-0.2,14.7,,353.2,,0.6000000000000227,0.6,3.4000000000000004,-37.400000000000006,2.6,12.899999999999999,-54.89999999999999,-29.700000000000003,98.4,-5.600000000000001,39.699999999999996,-3.8,0.1,-39.5,0.0,13.899999999999999,47.0,13.900000000000002,7.699999999999999,-11.600000000000009,BOY.L,L,22.0,0.8,,-11.6,,,-0.1,,,,,,,169.8,,,,,,,,,,,,,,,,,,,,,,,,,,,,,,,,,,,
2019-06-30,156.5,177.1,,12.5,33.1,13.5,45.6,46.5,,4.3,1.3,38.0,1.8,36.0,64.6,30.7,8.2,8.5,125.4,629.8,434.1,2.48778,1060.1,191.45617,195.5,212.9,124.3,697.3,16.2,362.8,1060.1,72.8,165.0,,302.1,,189.80408,0.2455,64.4,-2.2,46.9,47.0,62.2,64.4,,15.2,,366.5,,0.0,,3.0,-41.3,2.1,11.8,-47.2,-60.7,78.9,-26.4,38.1,-0.7,-0.2,22.8,-6.0,-29.2,47.0,17.2,-19.4,-63.3,BOY.L,L,12.5,0.8,,-11.6,,,-0.1,,,,,,,174.5,,,,,,,,,,,,,,,,,,,,,,,,,,,,,,,,,,,
2019-12-31,176,2883,517,541.0,177,545,110,5,2755,,,0.0,,19,,101,378,7.0,360,4213,-945.0,4.46621,6066.0,472.43687,1470,926,3300.0,2115.0,553,3951.0,6066.0,2755.0,183,,591,,493.15621,0.70553,623,-73,344.0,344.0,437.0,513.0,-3,93,,1214.0,113,110.0,5.0,,-462,113,63,24.0,-501,276.0,-368.0,127,44.0,3,-1,,-198.0,437,80,-39,-19,KAZ.L,L,24,59,,,,,0,-8,,,0,2,,,193,,,,,,,,,,,,,,,,,,,,,,,,,,,,,,,,,,
2019-06-30,128,2883,475,739.0,177,540,94,6,2759,,,0.0,,97,,94,401,11.0,332,3762,-1285.0,3.75346,5694.0,471.29807,1525,971,3299.0,1775.0,519,3919.0,5694.0,2759.0,139,,533,,486.87725,0.46624,519,-118,227.0,227.0,289.0,410.0,-3,62,,1052.0,110,109.0,,,-398,117,29,-185.0,-526,236.0,-302.0,124,,-5,-157,,-480.0,289,125,-128,-28,KAZ.L,L,264,1,,,,,0,-1,,,0,2,,,128,,,,,,,,,,,,,,,,,,,,,,,,,,,,,,,,,,
2020-03-31,,848.459,,,1.682,,0.005,181.283,2171.251,2.792,,,,0.465,-3.683,242.827,19.028,,,451.86,1698.106,42.09009,20030.573,55.1559,,,2237.764,2564.908,,17465.665,20030.573,2237.764,,54.795,,,55.1559,-0.68093,,,-57.475,-57.006,-93.954,,,-36.948,,,,,,,-44.151,143.355,,-43.188,-70.208,162.71,163.432,,,74.345,-43.188,,123.659,,-0.722,-26.057,0.0,TBCG.L,L,,8.269,,-34.451,,,-0.469,,,,,,,62.108,,,,,,,,271.13,,,,,,,,,2119.2689,,13669.843,2980.78267,14976.335,403.336,247.737,-39.778,207.959,-183.36,129.184,195.377,,,,,,,
2019-12-31,,848.459,,,1.682,,21.331,167.597,1804.633,2.654,,,,1.634,-6.85,231.897,2.173,,,445.429,1773.396,43.69275,18410.274,55.1559,,,1864.531,2639.068,,15771.206,18410.274,1864.531,,49.898,,,54.41821,2.90455,,,159.416,160.024,177.337,,,17.313,,,,,,,-36.839,194.966,,47.04600000000005,7.273000000000025,-380.962,-380.10699999999997,,,-19.034000000000006,47.048,,-345.677,,-0.855000000000004,44.111999999999966,-0.001999999999995339,TBCG.L,L,,8.588,,-27.517,,,-0.608,,,,,,,61.558,,,,,,,,281.407,,,,,,,,,1816.7883999999997,,12606.059,2793.0215200000002,13643.225,419.766,-0.224,228.099,227.875,-179.07,128.308,191.891,,,,,,,
2019-09-30,,828.936,,,1.682,,21.142,134.837,1867.588,2.536,,,,1.128,-6.368,208.182,2.179,,,440.105,1603.784,41.58982,18169.757,55.1559,,,1929.714,2491.976,,15677.781,18169.757,1929.714,,63.957,,,55.17357,2.27,,,125.244,126.777,142.304,,,15.527,,,,,,,-68.925,160.498,,917.676,-425.75300000000004,-797.7840000000001,-782.089,,,26.777000000000008,1009.602,,-279.084,,-15.694999999999993,-356.828,-91.926,TBCG.L,L,,7.199,,-0.015,,,-1.533,,,,,,,63.215,,,,,,,,234.665,,,,,,,,,2312.7454,,11586.619,3095.50262,13510.416,367.417,25.749,160.476,186.225,-146.432,128.26,181.192,,,,,,,
2019-06-30,,831.773,,,1.672,,21.361,123.91,1536.84,2.363,,,,0.727,-6.478,358.278,1.753,,,434.877,1468.676,40.02439,17278.364,54.8595,,,1599.438,2364.929,,14913.435,17278.364,1599.438,,69.286,,,55.29862,2.16861,,,119.998,120.218,129.547,,,9.329,,,,,,,10.159999999999998,163.342,,932.261,-126.627,-165.187,-133.356,,,60.067,932.261,,700.514,,-31.831000000000003,-136.78699999999998,0.0,TBCG.L,L,,4.076,,,,,-0.22,,,,,,,45.301,,,,,,,,231.267,,,,,,,,,2428.7066999999997,,11022.135,2675.78901,12929.555,340.301,33.372,157.109,190.481,-139.228,111.666,149.82,,,,,,,
2020-03-31,332,659,1388,1388.0,108,264,184,248,1319,33,,0.0,271,1800,-386,616,236,43.0,1660.0,5291,1711.0,3.72349,8207.0,397.20813,2034,3724,1855.0,2092.0,,6115.0,8207.0,1591.0,375,,1401,262,393.0,-0.31298,981,-180,-324.0,-324.0,-353.0,-173.0,,-29,,2382.0,667,1154.0,-1,8,-452,25,20,-117.0,-220,287.0,280.0,254,0,-19,-111,-6,-69.0,-173,-82,232,,EZJ.L,L,,,,,,,,226,,,,,-2208,365,,7499,,,,,,,,,,,,,,,,,,,,,,,,,,,,,,,,,
2019-09-30,79,659,1576,1576.0,108,219,305,196,1324,48,,0.0,147,1485,3,522,272,70.0,,5163,2215.0,6.10579,8163.0,397.0,2119,2668,1902.0,2985.0,,5178.0,8163.0,1683.0,149,,2119,263,400.0,1.405,1923,-19,567.0,567.0,702.0,721.0,,135,,4042.0,689,1202.0,0,7,-519,33,30,343.0,-401,423.0,82.0,256,3,49,354,-14,414.0,721,-643,118,,EZJ.L,L,,,,,,,,250,,339.0,,625.0,-1999,365,247.0,7162,,,,,,,,,,,,,,,,,,,,,,,,,,,,,,,,,
2019-03-31,106,659,1280,1280.0,108,173,214,186,858,54,,0.0,100,1996,80,481,230,63.0,,4858,1669.0,4.94703,7424.0,397.20813,1731,2905,1481.0,2516.0,,4908.0,7424.0,1308.0,169,,1556,236,394.0,-0.54822,787,-17,-218.0,-218.0,-272.0,-255.0,,-54,,2343.0,629,1042.0,0,8,-465,25,28,-83.0,-410,338.0,-406.0,228,4,1,-85,-2,-154.0,-255,763,55,,EZJ.L,L,,,,,,,,177,,187.0,,549.0,-1748,365,182.0,6606,,,,,,,,,,,,,,,,,,,,,,,,,,,,,,,,,
2020-03-31,,1981.932,,,0.247,,44.788,86.3,3173.552,701.311,,,,51.308,,5192.46,324.801,,,356.573,2617.087,4.25809,50656.316,932.21664,,,4750.898,4326.416,,46329.9,50656.316,3173.552,,,,,953.41913,0.33369,,,1135.163,277.483,310.48,,,32.997,,,,,,,,,214.094,-603.247,-350.855,467.853,467.853,,-603.247,-435.149,,,-921.398,,,-350.855,,INVP.L,L,,571.216,2.75459,-272.881,,,-97.299,,-44.26,,,,,270.625,,,,0.031,,,,1934.428,,,,,,,,,5062.056299999999,,25045.198,16224.18789,35719.23,2698.42,133.301,719.703,853.004,-1410.176,1000.953,1845.416,,,,,,1577.346,
2019-03-31,,2775.234,,,0.245,,23.59,107.237,4720.591,387.75,,,,162.448,,12138.093,248.893,,,261.65,2033.765,4.36559,57724.212,949.70065,,,5825.654,4620.141,,53104.071,57724.212,4720.591,,,,,962.06505,0.47182,,,534.331,483.804,514.533,,,30.729,,,,,,,,,,-14.97999999999999,-123.615,1082.258,1082.258,,-14.97999999999999,-30.388999999999996,,,913.274,,,-123.615,,INVP.L,L,,630.873,2.75459,-189.134,,,-83.85,,-44.767,,,,,366.87,,,,0.031,,,,1735.956,,,,,,,,,5574.9316,,25138.315,23185.832479999997,34323.413,816.649,66.458,750.191,816.649,-1411.834,1176.176,,,,,,,1105.063,
2019-12-31,33.3,273.2,,370.2,52.5,473.7,0.0,44.1,1500.0,,418.3,0.0,,49.2,,,103,1794.3,89.3,86.4,414.8,2.46725,2920.8,253.4,2197.8,612.2,2041.8,740.5,,2180.3,2920.8,1568.1,1827.6,,,,256.1,0.29129,,-35.5,63.8,63.8,91.2,126.7,,27.4,,474.4,187.0,347.7,0.0,8.799999999999999,-7.8,34.8,16.200000000000003,-154.70000000000002,-1.1000000000000014,72.3,-65.5,15.8,,,-132.2,0,-83.5,63.800000000000004,49.400000000000006,6.699999999999999,-22.5,PFG.L,L,353.6,,,,,,,160.7,,,16.6,,,71.2,,,,,,,,,,,,,,,,,,,,,,,,,,,,,,,,,,,
2019-06-30,73.2,273.2,,461.1,52.5,473.3,,51.1,1629.9,,383.3,0.0,0.0,66.2,,,109,1761.5,92.3,102.1,352.4,2.19356,3012.5,253.3786,2295.8,631.8,2175.9,678.1,,2334.4,3012.5,1702.6,1834.7,,,,254.5,0.20511,,-36.5,20.6,20.6,37.6,74.1,,17.0,,523.9,273.6,449.8,,7.6,-6.2,31.3,8.1,-0.1,25.5,28.0,-64.0,8.8,,,25.0,0,53.4,20.6,55.0,31.7,-25.1,PFG.L,L,440.0,,,,,,,176.2,,,21.1,,,71.2,,,,,,,,,,,,,,,,,,,,,,,,,,,,,,,,,,,
2019-12-31,73.618,438.041,128.126,166.357,226.506,0.234,63.103,22.359,199.308,6.159,5.188,0.0,38.295,62.405,-14.035,100.02,1.627,0.20600000000000307,,976.839,82.48,1.38292,1353.248,513.87556,341.076,183.176,199.542,733.01,62.6,620.238,1353.248,199.308,73.824,0.018,259.88,1.107,559.03333,0.08927,141.346,-4.256,15.059,24.778,47.324,52.955,-1.375,22.546,19.413,401.226,32.383,88.39100000000002,26.913,0.948,-131.27100000000002,3.357,-1.3750000000000002,23.006999999999998,-133.332,182.75900000000001,-1.0779999999999994,94.568,-9.550999999999998,-1.52,42.769,0.0,70.914,24.778,63.543000000000006,-2.061,-10.211,HOC.L,L,38.231,74.631,,,,,-9.719,8.575,,120.537,,,,,,,,,,,,,,,,,,,,,,,,,,,,,,,,,,,,,,,
2019-06-30,98.367,438.041,63.78,95.443,225.409,157.82,73.154,23.298,0.0,7.506,4.584,0.0,,9.807,-13.725,132.651,1.68,16.879999999999995,,993.539,76.683,1.37495,1291.073,510.55392,260.466,286.213,157.82,725.286,49.776,565.787,1291.073,0.0,115.247,-1.122,252.831,1.167,463.16667,0.03873,101.619,-2.685,13.895,16.661,29.518,32.744,-0.541,12.857,18.552,354.45,32.334,68.87500000000003,0.517,1.121,-71.087,1.598,2.611,-13.796,-70.281,100.5,-26.012,90.599,-2.21,-0.684,-1.275,-0.309,15.739,16.661,18.131,0.806,-10.002,HOC.L,L,31.663,73.769,,,,,-2.766,16.305,,118.586,,,,,,,,,,,,,,,,,,,,,,,,,,,,,,,,,,,,,,,
2020-03-31,132,0.0,1010,1377.0,3420,628,69,486,2446,4,39.0,235.0,159,1209,,71,452,0.0,,2730,-32.0,-0.277,9325.0,3758.1515,1671,2488,4279.0,3388.0,3.0,5937.0,9325.0,3416.0,132,,,179,3759.71331,0.01687,,-148,65.0,77.0,97.0,244.0,1,20,,917.0,,673.0,-2.0,,-427,142,45,-726.0,-431,791.0,10.0,313,-139,-2,-471,-3.0,-368.0,282,186,-4,-113.0,AAF.L,L,6,-107,,,,,-12,496,,416,361,,-1446.0,3943.0,,4176.0,,,,,,,,,,,,,,,,,,,,,,,,,,,,,,,,,
2019-09-30,131,,1469,1812.0,3420,705,27,412,2700,5,35.0,284.0,111,787,136.0,59,430,0.0,,2610,,-0.25411,9648.0,3758.1515,2057,2481,4685.0,3556.0,3.0,6092.0,9648.0,3696.0,131,,298.0,162,3746.30172,0.03073,553.0,-58,90.0,96.0,149.0,209.0,-2,53,,851.0,106.0,344.0,2.0,,-173,69,11,559.0,-164,315.0,-44.0,162,45,4,-169,683.0,714.0,149,48,9,,AAF.L,L,277,-171,,,,,-6,74,,705,66,,-1376.0,4099.0,,3986.0,,,,,,,,,,,,,,,,,,,,,,,,,,,,,,,,,
2019-06-30,123,,789,1123.0,2783,1118,27,4534,2568,102,,0.0,127,795,,61,481,0.0,,2592,,-0.46592,9082.0,3758.1515,1373,2622,4884.0,2783.0,,6299.0,9082.0,3766.0,123,,277.0,157,3081.7,0.04287,523.0,-91,125.0,132.0,167.0,186.0,72,35,,800.0,88.0,337.0,,,-211,107,58,-203.0,-206,281.0,-67.0,157,-108,-1,-95,,-129.0,167,24,5,,AAF.L,L,260,-177,,,,,-7,92,,709,74,,,,,,,,,,,,,,,,,,,,,,,,,,,,,,,,,,,,,,
2019-12-31,,492.072,,,1.618,1387.318,,106.29,2581.557,,,,,37.918,,102.662,36.284,,,475.883,1647.775,42.4004,18569.497,47.21088,,,5649.867,2141.401,,16428.096,18569.497,2676.173,,,,,47.34169,3.08349,,,155.823,156.535,172.05,,,15.515,,,,,,,-343.315,338.0009999999999,25.857,233.435,24.73899999999999,969.529,955.5550000000001,,0,-10.184999999999999,259.858,-26.136,1217.518,,13.974,368.0540000000001,-0.28700000000000614,BGEO.L,L,,9.507,,-0.064,,,-0.712,,,5033.884,,52.471,,33.351,,,,,,,,360.95,,,,,,,,,2198.6733999999997,,11774.021,3301.3580199999997,5541.787,393.481,14.233,221.941,236.174,-154.05,104.159,157.307,,,,,,1586.376,
2019-06-30,,493.89,,,1.618,1078.863,,93.515,2424.266,,,,,30.361,,97.125,40.544,,,464.795,1414.376,37.40241,16133.999,47.66989,,,4748.211,1909.835,,14224.164,16133.999,2524.438,,,,,47.92341,2.36174,,,106.642,107.144,116.441,,,9.297,,,,,,,-50.543,292.66,2.369,-148.334,103.992,-265.86,-265.421,,0,30.509,,-24.569,-279.693,,-0.439,154.535,-123.765,BGEO.L,L,,8.384,,-0.049,,,-0.502,,,4341.247,,34.748,,33.351,,,,,,,,342.842,,,,,,,,,1803.6445,,10443.501,2679.90935,4964.088,342.224,35.476,146.146,181.622,-134.685,104.98,160.602,,,,,,1144.91,
2019-12-31,49371,17,676,824.0,141,34,83,579,678,106,26,0.0,,69,-12,49,3,0.0,49305,163,1577.0,0.24852,52065.0,563.33638,50195,49408,829.0,1712.0,,50353.0,52065.0,795.0,49371,5,,52,561.5,0.13713,,-23,1.0,-6.0,10.0,35.0,-2,16,,911.0,771,876.0,70,35,-14,26,30,-73.0,-34,150.0,30.0,17,7,-13,-49,1,30.0,35,33,-20,-32,TCAP.L,L,,18,,-16,,,0,-17,,,148,,,993,,,,,,,,,,,,,,,,,,,,,,,,,,,,,,,,,,,7.0
2019-06-30,57638,17,646,781.0,141,71,98,612,678,100,33,0.0,,78,34,48,3,0.0,57470,179,1601.0,0.26095,60369.0,563.33638,58419,57619,876.0,1782.0,,58587.0,60369.0,805.0,57638,5,,51,565.7,0.18384,,-21,66.0,59.0,83.0,107.0,-3,24,,922.0,743,815.0,29,34,-19,27,34,2.0,-21,-2.0,-167.0,17,-1,0,74,-8,-21.0,107,7,-2,-63,TCAP.L,L,,17,,-16,,,-1,-8,,,135,,,1023,,,,,,,,,,,,,,,,,,,,,,,,,,,,,,,,,,,8.0
2019-06-30,289.929,62.694,,1954.545,893.103,338.567,37.71,414.841,786.868,53.928,22.667,0.0,9.986,538.62,-134.022,407.081,501.937,153.41200000000003,,632.815,-61.977,0.01913,4395.682,700.0,2437.927,2353.647,1125.435,759.798,,3635.884,4395.682,786.868,443.341,,,121.971,634.74708,-0.02388,,-69.309,-32.549,-30.087,-23.389,45.92,,6.698,,732.192,537.542,686.272,26.759,,-43.955,,6.239,133.012,-24.911,617.276,436.512,121.971,78.028,-2.907,-119.336,174.32,722.47,-23.389,82.182,19.044,,FIN.L,L,1920.785,50.578,,,,,-2.462,,,1012.169,33.76,464.291,-208.233,331.567,30.055,841.048,,,,,,,,,,,,,,,,,,,,,,,,,,,,,,,,,
2019-12-31,78.9,280.7,216.6,217.8,136.0,65.5,36.2,193.3,969.5,0.8,,0.0,33.3,432.4,1.3,115.3,209.0,22.0,65.1,105.5,698.9,-1.05921,2865.9,1008.02004,366.0,563.0,1092.5,1116.9,0.4,1749.0,2865.9,1027.0,100.9,,103.1,6.3,1026.82913,0.12865,342.6,-13.0,136.1,136.3,170.7,182.7,1.0,34.4,43.7,445.7,109.8,159.9,0.1,40.89999999999999,-26.7,21.299999999999997,30.200000000000003,-115.5,-30.0,222.60000000000002,-24.000000000000007,9.399999999999999,32.6,0.09999999999999964,-132.10000000000002,27.300000000000004,77.2,136.3,59.99999999999999,-3.3000000000000007,-43.3,AVST.L,L,,7.5,,,,,-0.2,,,,1.2,,,1991.3,13.6,,,,,,,,,,,,,,,,,,,,,,,,,,,,,,,,,,
2019-06-30,81.5,303.5,139.4,141.0,131.9,68.4,42.0,231.4,1103.3,0.8,,0.0,32.8,428.2,0.2,59.1,201.7,14.599999999999994,57.5,90.5,529.8,-1.27938,2787.0,976.10073,279.8,554.1,1233.7,965.4,0.3,1821.6,2787.0,1165.3,96.1,,107.5,6.5,1009.3732,0.096,317.9,-34.4,112.6,112.6,143.9,179.4,-1.1,31.3,38.2,425.4,111.3,138.5,-17.5,50.2,-3.2,26.1,74.0,-325.4,13.3,176.5,-51.9,9.5,-26.6,2.7,-235.0,19.9,-132.9,112.6,56.1,16.5,-83.7,AVST.L,L,,1.1,,,,,,,,,1.6,,,1982.8,9.6,,,,,,,,,,,,,,,,,,,,,,,,,,,,,,,,,,
2019-12-28,105.7,,25.9,25.9,11.6,46.9,28.5,2.7,340.5,12.6,,0.0,0.0,13.1,27.0,15.2,36.9,15.399999999999991,146.0,553.7,535.0,-0.13859,1479.1,579.42559,222.0,452.0,456.7,573.6,64.4,905.5,1479.1,409.8,121.1,,697,,584.01,0.05822,265.9,-15.7,19.7,19.7,24.3,40.1,-0.1,4.6,,962.9,218.7,225.79999999999995,7.2,0.3,-54.50000000000001,9.400000000000002,6,-19.5,-53.800000000000004,71.5,-2.599999999999998,30.900000000000002,,-0.7,-7.900000000000006,,-2.5,40.10000000000001,2.8,0.6999999999999993,-11.599999999999998,BAKK.L,L,,,,,,-0.1,,,,244.4,,1.6,-446.6,651.2,10.6,1000.3,,,,,,,,,,,,,,,,,,,,,,,,,,,,,,,,,
2019-06-29,106.2,,28.4,28.4,11.6,16.7,24.9,3.1,374.1,13.0,,0.0,1.2,6.6,33.7,14.5,31.2,18.0,384.9,542.0,526.1,-0.14618,1469.4,579.42559,227.1,408.2,467.1,571.4,58.5,898.0,1469.4,450.4,124.2,,678,,582.686,0.05698,245.0,-9.7,17.2,17.2,19.5,29.3,-0.1,2.3,,923.0,203.0,215.70000000000005,13.1,0.2,-44.4,8.7,8,34.0,-60.6,42.5,-18.1,28.8,,0.1,57.2,,16.0,29.3,2.3,-16.2,-23.2,BAKK.L,L,,,,,,-0.4,,,,,,,,653.0,14.8,,,,,,,,,,,,,,,,,,,,,,,,,,,,,,,,,,
2020-06-30,123.5,237.7,102.0,102.0,52.1,6.3,142.5,870.0,548.6,,,2.0,0.1,35.8,,92.3,49.6,2.5,123.2,502.4,543.6,-0.06302,1822.1,580.80124,400.1,167.3,594.9,833.4,172.0,988.7,1822.1,586.6,126.0,,254.9,,579.9,0.0469,131.6,-14.6,-50.9,-50.9,-53.4,-35.2,-3.6,-2.5,,386.5,166.8,166.79999999999998,,,-15.6,12.0,3.9,-7.7,-15.2,22.7,-39.4,34.8,-1.8,-1.7,-6.0,0.1,-1.9,-50.9,78.2,0.4,0.0,ELM.L,L,,,,,0.0,,,,,,,,,,,,,,,,,,,,,,,,,,,,,,,,,,,,,,,,,,,,
2019-12-31,117.9,237.7,103.9,103.9,52.1,7.1,150.2,958.1,550.8,,,2.2,0.1,31.7,,82.7,40.4,2.5,134.5,513.6,616.4,-0.0894,1905.2,580.518,393.1,175.5,599.9,906.2,168.7,999.0,1905.2,590.6,120.4,,266.6,,590.1,0.05371,157.3,-11.8,6.2,6.2,12.4,37.1,-3.9,6.2,,423.9,120.5,120.19999999999999,-0.3,,-24.700000000000003,11.4,2.9000000000000004,-52.8,-26.2,96.30000000000001,19.799999999999997,35.599999999999994,,-0.7,-36.4,0.1,16.6,6.199999999999996,34.7,-1.5,-16.5,ELM.L,L,,,,,-9.0,,,,,,,,,,,,,,,,,,,,,,,,,,,,,,,,,,,,,,,,,,,,
2019-06-30,151.9,237.6,87.3,87.3,52.1,7.4,148.3,966.4,591.1,,,4.8,0.0,30.5,,81.3,48.5,3.0,134.4,522.2,627.8,-0.08425,1957.6,580.394,420.5,177.1,645.6,917.5,178.3,1040.1,1957.6,633.4,154.9,,285.6,,586.9,0.05759,164.1,-13.3,40.2,40.2,48.6,63.8,-1.9,8.4,,449.7,100.0,100.29999999999995,0.3,,-23.4,13.6,-0.7,-32.8,-22.8,47.1,-21.4,34.5,,-0.3,0.0,0.0,-8.8,40.2,-6.2,0.6,-32.8,ELM.L,L,,,,,,,,,,,,,,,,,,,,,,,,,,,,,,,,,,,,,,,,,,,,,,,,,
2019-12-31,477.6,1198.0,390.1,390.1,4.8,107.0,358.2,2398,2084.5,38.0,3.3,0.0,47.4,138.8,54.0,142.3,191,9.099999999999966,678.7,467.9,1556.0,-4.38169,6988.8,582.33195,924.2,1259.9,2479.5,2812.8,,4176.0,6988.8,2372.5,486.7,,624.3,191.9,582.1,0.31386,1194.1,64.0,-150.3,-142.8,-161.9,-225.9,,-19.1,,1818.4,926.3,1420.0,293.7,,-93.70000000000002,-23.500000000000007,-24.6,-200.49999999999997,-38.2,235.5,283.6,,,-4.0,-96.00000000000001,1.5,-7.199999999999999,,,55.5,-106.0,GVC.L,L,,43.1,,,,8.1,-7.5,,,335.4,0.0,,,2966.4,,,,,,,,,,,,,,,,,,,,,,,,,,,,,,,,,,,
2019-06-30,429.5,1196.5,397.3,399.4,4.8,88.3,386.9,2616,2216.0,52.3,,0.0,35.3,213.1,206.9,141.7,187,32.30000000000001,655.4,437.3,1798.6,-4.7031,7516.6,581.8925,896.5,1250.4,2582.3,3206.8,0.0,4309.8,7516.6,2494.0,461.8,,598.0,184.3,581.9,0.13284,1184.1,-48.3,-3.4,2.1,-12.3,35.9,0.1,-14.4,,1782.1,922.7,1148.2,40.1,,-86.1,-45.4,-12.9,-132.9,-87.0,201.8,260.1,,,-6.5,-35.3,0.0,-24.6,,,-0.9,-97.6,GVC.L,L,,36.8,,,,1.1,-5.5,,,293.6,2.1,,,3327.5,,,,,,,,,,,,,,,,,,,,,,,,,,,,,,,,,,,
2020-03-31,495.4,189.3,131.2,131.2,9,54.4,26.2,497.1,540.6,9.6,16.8,0.0,,7.4,37.0,52.3,16.3,0.0,410.6,98.8,400.4,-1.10957,1783.0,334.63428,634.5,472.4,640.2,635.7,7.9,1147.3,1783.0,585.8,495.4,,,19.2,337.3,0.26602,,-11.6,89.2,89.1,118.2,129.8,,29.1,,674.6,,544.8,0.7,42.0,-40.4,9.899999999999999,14.299999999999999,79.8,-167.5,154.8,-53.1,12.3,-0.7999999999999998,-2.9000000000000004,99.99999999999999,0.0,64.2,129.79999999999998,23.8,-127.1,-19.4,HSV.L,L,,10.6,,,,0.8,0.1,524.1,,,,,,509.9,,,,,,,,,,,,,,,,,,,,,,,,,,,,,,,,,,,
2019-09-30,382.9,189.2,67.0,67.0,9,47.4,26.8,440.9,423.8,14.5,26.1,0.0,,1.0,40.6,14.0,14.0,9.600000000000023,325.5,97.2,358.0,-0.79643,1482.5,334.61757,467.4,373.9,518.4,596.8,7.9,885.7,1482.5,471.0,392.5,,,16.3,336.7,0.05896,,-9.1,16.8,16.7,19.7,28.8,,3.0,,457.7,,428.9,3.6,31.8,-42.1,8.3,15.9,5.5,-50.1,37.2,-39.4,11.2,-7.7,1.8,70.2,-2.9,-5.6,28.8,4.8,-8.0,-54.1,HSV.L,L,,0.0,,,,5.1,0.1,403.9,,,,,,422.4,,,,,,,,,,,,,,,,,,,,,,,,,,,,,,,,,,,
2019-03-31,424.6,180.7,72.6,72.6,9,40.2,26.4,418.6,336.4,19.8,27.5,0.0,,11.7,22.9,23.3,13.8,0.0,382.3,42.8,400.8,-0.64092,1434.6,332.49038,504.2,434.2,377.3,613.4,7.0,821.2,1434.6,337.1,424.6,,,14.3,336.0,0.26672,,-7.8,93.2,93.6,120.2,128.0,,26.6,,599.3,,471.3,-4.6,26.5,-81.3,3.4000000000000004,20.4,20.4,-119.7,117.9,-49.89999999999999,4.5,7.700000000000001,-1.5,28.0,1.9000000000000001,17.1,128.0,8.8,-38.4,-17.200000000000003,HSV.L,L,,0.2,,,,0.6,-0.4,461.0,,,,,,407.9,,,,,,,,,,,,,,,,,,,,,,,,,,,,,,,,,,,
2020-03-31,36.442,60.695,89.947,89.947,8.158,21.488,33.229,280.94,229.679,46.996,,0.0,0.0,127.491,-61.732,2.317,4.393,9.842999999999996,,20.438,170.531,-3.10998,653.395,81.57803,152.997,173.183,267.567,174.865,,478.53,653.395,246.079,46.285,,63.424,14.023,138.05708,0.06829,32.839,5.349,-164.804,-163.851,-163.971,-168.373,-0.947,-0.12,,96.263,19.8,201.21200000000002,171.012,,-1.189,4.044,2.179,132.09,-98.664,22.914,6.034,16.971,-6.504,0.58,99.166,52.434,56.92,-168.373,168.282,-97.475,-13.006,HYVE.L,L,,23.722,,-2.787,,-3.524,-0.953,-0.099,,7.19,,17.014,,147.631,16.765,,,,,,,,,,,,,,,,,,,,,,,,,,,,,,,,,,
2019-09-30,36.009,279.756,33.027,33.027,7.416,17.5,40.655,270.608,127.205,43.874,,0.0,1.671,103.462,-58.635,1.906,12.342,3.6910000000000025,,5.167,73.212,-2.44891,637.312,74.16185,95.351,145.781,144.705,298.962,,338.35,637.312,127.205,39.7,,65.734,13.302,130.57219,0.09805,47.196,-2.808,3.724,3.732,6.858,10.147,-0.481,3.126,,112.93,17.788,37.04900000000001,5.595,,-1.6789999999999998,3.502,5.087,-8.753,-9.604000000000003,18.656,-10.762,13.502,-4.087000000000001,-0.156,2.0,0.0,0.14300000000000068,10.147,5.769,-7.925000000000001,-6.666,HYVE.L,L,,22.803,,-2.787,,1.149,-0.008,-0.785,,4.823,,19.996,,209.97,20.953,,,,,,,,,,,,,,,,,,,,,,,,,,,,,,,,,,
2019-03-31,35.194,279.756,32.884,32.884,7.416,,44.457,282.077,141.833,48.053,,0.0,0.023,123.426,-63.569,2.195,13.72,7.614999999999995,,4.913,76.276,-2.62488,656.694,74.16185,98.257,147.745,141.833,297.085,,359.609,656.694,141.833,42.809,,67.609,12.026,130.72698,0.0868,40.184,-2.547,-0.576,0.396,1.855,4.025,0.377,1.459,,107.793,20.658,36.159000000000006,6.876,,-2.097,2.872,6.461,-1.549,-25.523,10.149,-3.99,13.53,-4.265,0.158,10.127,0.0,-16.765,4.025,-3.416,-23.426,-7.411,HYVE.L,L,,23.379,,-2.794,,-3.252,-0.972,-0.149,,6.88,,17.439,,209.674,22.541,,,,,,,,,,,,,,,,,,,,,,,,,,,,,,,,,,
2020-03-31,,97.316,10.687,10.687,24.868,,,,,446.663,,0.0,0.001,30.218,,0.0,,,,,305.024,5.44691,457.426,78.43121,10.763,30.218,0.0,427.208,,30.218,457.426,0.0,0.075,,1.19,,96.71753,-2.279,-219.99,,-220.419,-220.419,-220.537,-220.537,,-0.118,,-218.8,0.547,0.5470000000000002,,,,0.325,,-180.002,172.453,-0.891,0.812,,,,30.0,-210.002,-8.44,-220.537,218.834,172.453,,JII.L,L,,,,,,,,,,,,,,,,,,,,,,,,,,,,,,,,,,,,,,,,,,,,,,,,,
2019-09-30,,97.316,19.127,19.127,31.404,,,,,832.588,,0.0,,0.225,,0.118,,,,,728.909,8.20109,857.972,104.57494,25.384,0.225,0.0,857.629,,0.343,857.972,0.0,6.257,,0.897,,104.57494,0.08104,8.642,,8.475,8.475,8.177,8.177,,-0.298,,9.539,0.465,0.4650000000000001,,,,0.361,,-16.5,31.876,-0.122,1.0130000000000001,,,,,0.0,15.254000000000001,8.177000000000007,-9.311999999999998,31.876,,JII.L,L,,,,,,,,,,,,,,,,,,,,,,,,,,,,,,,,,,,,,,,,,,,,,,,,,
2019-03-31,,97.316,3.873,3.873,31.404,,,,,862.057,,0.0,,0.519,,,,,,,720.434,8.12005,866.173,104.57494,4.116,17.019,0.0,849.154,,17.019,866.173,0.0,0.243,,0.276,,104.57494,0.75553,79.802,,79.009,79.009,79.425,79.425,,0.416,,80.078,0.377,0.377,,,,0.15,,16.5,-14.32,-0.712,0.013,,,,16.5,0.0,1.468,79.425,-80.15,-14.32,,JII.L,L,,,,,,,,,,16.5,,,,,,,,,,,,,,,,,,,,,,,,,,,,,,,,,,,,,,,
2020-01-31,65,2228,22,189.0,332,349,189,339,93,24,27,0.0,210,378,69,174,416,177.0,,4904,3196.0,1.44408,11312.0,2110.0,3186,2833,2663.0,5802.0,2485,5510.0,11312.0,2314.0,242,,3482,,2101.0,0.09852,2034,-91,-163.0,-163.0,-142.0,-52.0,1,21,,5516.0,1752,2086.0,348,,-179,105,121,-336.0,-111,318.0,-183.0,275,-105,-61,-161,0,-190.0,-45,271,68,-70,KGF.L,L,167.0,,,-23,,-3,,-11,,1242.0,,864.0,-2553.0,2416,60.0,7457.0,,,,,,,,,,,,,,,,,,,,,,,,,,,,,,,,,
2019-07-31,415,2228,385,385.0,332,365,242,374,97,21,40,0.0,120,251,392,169,428,3.0,2554.0,5386,3452.0,1.68957,12376.0,2110.0,3688,3170,2782.0,6378.0,2765,5998.0,12376.0,2417.0,418,,3776,,2112.0,0.134,2221,-86,171.0,171.0,245.0,328.0,3,74,,5997.0,1810,1893.0,93,,-163,95,34,-421.0,-27,579.0,-51.0,270,-95,25,-159,-10,156.0,328,32,136,-157,KGF.L,L,,,,-26,,0,,-10,,,,,,2439,,,,,,,,,,,,,,,,,,,,,,,,,,,,,,,,,,,
2019-01-31,406,2228,229,229.0,332,309,192,371,139,23,41,0.0,115,166,220,160,333,1.0,2415.0,5319,3394.0,1.58389,11848.0,2110.0,3325,2890,2766.0,6149.0,2574,5699.0,11848.0,2457.0,407,,3503,,2117.0,0.12376,2102,-94,-13.0,-13.0,20.0,111.0,3,33,,5605.0,1785,1991.0,225,,-168,186,55,-300.0,-119,472.0,-91.0,274,-186,-5,7,-50,48.0,111,178,49,-71,KGF.L,L,,,,-25,,-3,,-16,,,,,,2436,,,,,,,,,,,,,,,,,,,,,,,,,,,,,,,,,,,
2020-03-28,66.3,334,,26.4,48.7,60.9,59.3,92.7,1023.7,,,0.0,,182.4,-114.7,61.1,26.3,7.900000000000006,212.1,2481.3,15.5,0.64059,2969.4,634.1,138.8,455.4,1725.3,729.2,38.2,2240.2,2969.4,1664.4,74.2,557.6,,,632.7,0.0275,,-50.9,-28.0,-28.0,-33.2,19.4,-1.7,-5.2,,510.5,,491.1,38.4,,-45.1,45.8,5.1,-91.9,20.6,58.1,-12.6,27.6,-45.8,,-15.7,0.0,-13.2,57.8,-14.7,65.7,-30.4,MARS.L,L,24.4,,0.075,-111.9,,,,452.7,,,2,,,230.3,,,,,,,,,,,,,,,,,,,,,,,,,,,,,,,,,,,
2019-09-28,90.9,334,37.6,39.6,48.7,54.9,63.9,88.5,1025.6,,,0.0,2.7,188.5,-125.9,110.0,16.8,0.0,248.3,2350.4,67.4,0.77638,2860.1,634.1,174.1,491.7,1438.3,811.1,43.6,2049.0,2860.1,1383.4,90.9,598.9,,,632.6,0.0656,,-79.3,-34.5,-34.5,-39.1,40.8,-0.6,-4.6,,620.4,,579.6,61.8,,-59.400000000000006,30.60000000000001,5.0,-211.79999999999998,-38.60000000000001,128.8,11.6,22.1,-31.299999999999997,,-163.5,0.1,-121.6,102.6,-7.5,20.799999999999983,-17.1,MARS.L,L,159.2,,0.075,-112.0,,,,517.8,,,2,,,230.3,,,,,,,,,,,,,,,,,,,,,,,,,,,,,,,,,,,
2019-03-30,94.4,334,,161.2,48.7,183.6,72.1,70.2,1059.1,,,0.0,,153.3,-127.8,95.2,14.3,0.0,236.4,2438.0,131.0,0.944,3055.5,634.0,302.7,573.3,1599.5,899.0,47.1,2156.5,3055.5,1415.9,94.4,625.2,,,641.3,0.04709,,-45.5,16.5,16.5,19.1,65.6,-1.0,2.6,,553.1,,487.5,10.5,,-74.4,43.8,4.0,-22.4,73.4,66.8,-16.7,21.1,-44.2,,52.2,0.0,117.8,76.1,-13.7,147.8,-30.4,MARS.L,L,159.2,,0.1,-112.1,,,,477.0,,,2,,,230.3,,,,,,,,,,,,,,,,,,,,,,,,,,,,,,,,,,,
2020-04-30,13.5,101.6,,146.5,43,1.6,0.0,4.3,198.1,51.6,58.9,0.0,,28.5,,,13.6,0.5999999999999996,77.4,8.6,550.5,1.28457,1006.6,537.76692,869.6,107.5,205.6,695.1,709.0,311.5,1006.6,204.0,14.1,,109.0,1.4,537.4,-0.01191,-7.9,-2.1,-74.5,-74.5,-91.3,-89.2,,-16.8,,101.1,19.8,81.30000000000001,63.4,1.4,-0.4,1.5,3.7,188.0,-23.1,-55.1,-27.2,1.3,0.0,,188,,109.8,-74.5,43.9,-22.7,0.0,MCS.L,L,146.5,0.0,,,,,0.0,-3.3,,,,,,0.0,,,,,,,,,,,,,,,,,,,,,,,,,,,,,,,,,,,
2019-10-31,12.9,101.6,,36.7,43,,2.6,24.2,9.6,28.9,43.0,0.0,,37.8,,,,0.0,94.6,1.3,624.4,1.30851,913.6,537.32943,774.5,132.4,9.6,769.0,724.9,144.6,913.6,9.6,12.9,,378.6,,537.3,0.06663,65.9,-2.6,32.4,32.1,39.8,42.4,,7.7,,444.5,26.3,23.5,3.0,1.9000000000000001,-1.1,1.4000000000000004,4.6000000000000005,-88.9,-29.3,123.10000000000001,86.80000000000001,0.6000000000000001,-1.4,,-77,,4.899999999999999,32.1,1.6999999999999997,-28.2,-10.5,MCS.L,L,36.7,0.0,,,,-6.6,0.3,0.8,,,,,,41.7,,,,,,,,,,,,,,,,,,,,,,,,,,,,,,,,,,,
2019-02-28,10.2,101.6,,31.8,43,10.0,2.3,25.2,77.8,0.6,25.3,0.0,,31.0,,,,0.0,94.1,1.9,602.1,1.26515,963.3,537.32943,868.6,135.1,87.8,746.7,826.6,216.6,963.3,77.8,10.2,,241.5,,538.7,0.02469,39.0,-2.4,2.7,2.8,3.6,6.0,,0.8,,280.5,20.5,33.0,14.3,1.3,-0.7,2.3,6.2,17.2,-0.7,-41.7,-50.2,0.5,,,36,,-25.2,2.8,3.9,,-18.8,MCS.L,L,31.8,1.4,,,,,-0.1,-1.8,,,,,,41.7,,,,,,,,,,,,,,,,,,,,,,,,,,,,,,,,,,,
2019-12-31,133.6,14.8,,15.8,41.9,15.2,32.8,12.9,146.0,3.3,0.5,0.7,,46.5,44.4,14.3,50.6,3.5,157.3,369.3,472.5,0.59514,1055.9,419.4,322.2,219.7,245.4,559.6,169.3,496.3,1055.9,229.5,137.1,,,,414.2,0.04544,,-5.4,8.2,8.2,2.2,22.4,,-6.0,,530.3,,507.9,0.0,7.199999999999999,-29.799999999999997,5.499999999999999,-0.40000000000000036,-41.5,-34.400000000000006,70.80000000000001,17.299999999999997,27.0,,-1.0,-32,0.0,-6.1,22.4,-3.0999999999999996,-4.6,-9.5,SNR.L,L,15.8,,,-14,-14.8,-0.2,,508.1,1.0,,,,,297.1,,,,,,,,,,,,,,,,,,,,,,,,,,,,,,,,,,,
2019-06-30,178.5,14.8,,24.0,41.9,0.3,45.0,19.5,195.3,3.2,0.2,2.8,,37.1,59.9,14.5,32.4,1.8000000000000114,200.0,390.1,455.4,0.53407,1146.9,419.41808,387.0,240.2,292.3,558.0,182.7,588.9,1146.9,289.2,180.3,,,,422.7,0.06017,,-5.5,20.0,20.0,26.5,39.2,,6.5,,580.4,,541.2,,8.0,-35.0,5.7,5.7,-7.0,-34.3,45.1,-22.9,25.5,,0.4,21,-6.3,4.2,39.2,-4.7,0.7,-21.7,SNR.L,L,24.0,,,-14,-7.2,-0.2,,541.4,,,,,,314.5,,,,,,,,,,,,,,,,,,,,,,,,,,,,,,,,,,,
2020-05-02,106.4,8.4,348.3,348.3,3.2,42.5,0.0,9.5,667.5,16.3,24.8,,2.9,101.5,-34.9,532.1,33.3,0.0,,914.9,-37.3,-0.34825,1517.1,550.18701,466.4,447.7,710.0,-130.2,8.8,1647.3,1517.1,667.5,106.4,,,59.4,549.9,0.08056,,-12.5,-19.0,-18.0,-25.3,-9.5,-3.3,-7.3,,617.4,,626.9,49.9,2.3,-42.0,4.399999999999999,-8.9,174.8,-44.4,103.6,8.299999999999997,56.1,11.0,0.0,184.70000000000002,0.0,234.0,4.8999999999999915,32.0,-2.4000000000000004,-20.900000000000002,SGC.L,L,,,,-69.6,,-5.3,-0.3,522.9,,303.7,,,,51.9,,,,,,,,,,,,,,,,,,,,,,,,,,,,,,,,,,,
2019-10-26,107.4,8.4,114.3,114.3,3.2,45.1,0.0,9.1,398.0,28.1,41.3,0.0,7.7,71.4,2.9,353.0,7.0,0.0,,896.6,103.4,-0.02181,1272.8,550.18701,239.5,408.4,508.2,48.3,10.1,1224.5,1272.8,463.1,107.4,,,55.7,565.7,0.09899,,-9.9,54.8,55.4,65.9,78.9,-3.1,10.5,,800.2,,721.3,0.5,2.2,-56.8,18.0,8.9,-65.7,-51.4,61.0,-57.4,53.1,0.0,0.0,-13.8,-30.2,-56.1,64.7,-1.6,5.4,-21.7,SGC.L,L,,,,-69.6,,-12.3,,677.4,,291.9,,,-740.1,51.2,,1636.7,,,,,,,,,,,,,,,,,,,,,,,,,,,,,,,,,
2019-04-27,133.3,8.4,170.4,170.4,3.2,21.8,13.7,9.7,411.2,19.9,34.6,0.0,13.5,56.2,18.8,273.0,16.0,0.0,,834.0,137.4,0.11787,1296.9,572.64105,331.5,470.6,433.0,128.4,14.3,1168.5,1296.9,411.2,133.3,,1172.1,99.1,576.6,0.32726,706.8,-22.6,21.6,101.7,101.2,129.6,-5.8,-0.5,,1878.9,81.4,577.2,66.5,5.199999999999999,-39.7,8.900000000000002,1.0,-198.0,53.699999999999996,121.0,-17.599999999999994,65.9,-0.1,0.6000000000000001,-174.8,-1.4,-22.699999999999996,11.700000000000003,55.8,93.39999999999999,-21.700000000000003,SGC.L,L,,0.0,,-39.4,0.0,-23.3,-2.0,353.5,,392.6,,,-744.6,51.2,,1578.6,,,,,,,,,,,,,,,,,,,,,,,,,,,,,,,,,
2020-06-30,218.592,1153.817,,514.659,368.546,5.176,273.331,,801.772,143.124,0.0,0.0,28.54,9.185,0.603,218.671,668.616,148.96,170.017,2700.901,1543.591,4.25484,4755.719,736.89359,1243.078,192.848,814.631,3135.361,315.274,1620.358,4755.719,809.455,367.552,68.804,726.877,,736.894,0.09123,327.306,-89.879,64.525,56.501,127.881,216.877,0.883,71.38,50.737,1054.183,52.237,110.42900000000009,6.122,,-181.958,19.723,63.984,-87.084,-159.186,422.518,-33.726,252.411,-19.696,1.835,20.349,,178.083,56.501,192.582,22.772,-87.737,FRES.L,L,1.49,126.053,,,,,8.024,1.333,,,513.169,8.47,,,17.053,,,,,,,,,,,,,,,-45.25,,,,,,,,,,,,,,,,,,,
2019-12-31,206.982,1153.817,,336.576,368.546,4.535,321.347,,801.239,123.024,23.014,0.0,25.181,5.78,0.807,241.76,724.708,287.784,159.768,2813.417,1566.756,4.26745,4831.15,736.89359,1146.987,180.076,813.783,3144.66,272.12,1686.49,4831.15,809.248,494.766,54.734,861.479,,736.894,0.18162,256.197,19.714,133.832,134.9,124.701,106.431,-1.444,-10.199,73.868,1117.676,65.22,149.76599999999996,,,-310.91200000000003,20.138000000000005,52.07299999999999,-3.455999999999989,-289.863,268.21299999999997,-101.201,249.60399999999998,17.817,-0.378,-2.1510000000000002,,-25.48400000000001,134.89999999999998,60.97399999999999,21.048999999999996,-19.122,FRES.L,L,3.347,134.059,,,,,-1.068,10.678,,,333.229,9.993,,,18.344,,,,,,,,,,,,,,,-76.064,,,,,,,,,,,,,,,,,,,
2019-06-30,192.404,1153.817,,362.06,368.546,4.097,372.262,,800.591,109.02,,0.0,23.091,9.283,-3.182,206.345,683.041,281.851,137.536,2711.512,1454.054,4.0958,4655.373,736.89359,1151.8,155.733,811.952,3018.166,269.322,1637.207,4655.373,807.855,474.255,44.931,796.453,,736.894,0.09522,205.512,3.256,70.165,70.914,54.054,65.299,-14.501,-16.86,84.045,1001.965,54.067,140.21300000000008,,,-248.352,36.931,127.986,-147.217,-219.613,167.696,-148.387,241.074,-21.63,0.409,-2.53,,-198.725,70.914,114.144,28.739,-123.057,FRES.L,L,4.343,95.012,,,,,-0.749,2.101,,,357.717,4.817,,,23.072,,,,,,,,,,,,,,,-110.049,,,,,,,,,,,,,,,,,,,
2019-06-30,675.5,197.7,591.2,591.2,55.5,98.2,0,11.8,100,108.6,238.4,449.6,,412.7,,103.8,8.3,4.899999999999977,,16.2,498.5,5.22639,2765.1,111.03262,2222.2,1809.6,647.8,751.7,876.7,2013.4,2765.1,100.0,680.4,,1229.8,,110.7345,0.59241,137.4,-1.2,43.3,43.3,50.9,54.1,-2,7.6,,1367.2,76.1,83.29999999999995,17.6,,-0.7000000000000002,11.400000000000002,2.8999999999999995,-24.900000000000006,-10.700000000000001,19.6,-17.099999999999994,3.4,,,0,0.6,-16.0,74.5,-41.199999999999996,-10,-25.500000000000007,GFRD.L,L,,,,,,-10.4,,,,309.7,,539.4,,159.6,73.9,,,,,,,,,,,,,,,,,,,,,,,,,,,,,,,,,,
2019-12-31,176.1,153,62.0,129.1,67.3,11.4,0.8,78.5,3.9,2.3,0.7,0.0,,12.7,56.5,7.9,31.9,4.200000000000017,121.2,391.4,931.1,5.38636,1417.1,166.94008,682.1,145.3,50.7,1207.9,350.8,209.2,1417.1,39.3,180.3,,330.3,14.0,166.1,0.22938,120.8,-0.2,9.9,11.0,5.5,5.7,,-5.5,,451.1,,115.09999999999997,19,14.0,-22.200000000000003,0.5,4.1,-14.799999999999997,-30.599999999999998,84.29999999999998,23.6,23.599999999999998,-0.5,2.6,-5.5,-0.49999999999999956,41.5,5.699999999999996,17.4,-8.4,-8.3,HTG.L,L,66.6,15.9,,,,,-1.1,82.1,,,0.5,,,230.2,21.9,,,,,,,,,,,,,,,,,,,,,,,,,,,,,,,,,,
2019-06-30,228.7,153,87.4,87.4,67.3,13.0,1.3,85.9,3.9,2.7,1.6,0.0,0.0,14.7,63.2,10.2,24.4,7.300000000000011,139.2,401.6,916.4,5.29531,1433.7,166.94008,687.5,166.9,54.0,1199.9,336.6,233.8,1433.7,41.0,236.0,,363.3,14.5,172.1,0.19407,145.6,-1.0,29.8,30.4,40.1,41.1,,9.7,,508.9,,104.5,0,14.5,-18.4,0.7,3.6,-18.6,-14.7,52.9,-26.5,21.8,-0.7,-0.2,-6.0,-3.6,19.4,41.1,2.0,3.7,-8.3,HTG.L,L,45.3,14.4,,,,,-0.6,90.0,,,0.0,,,230.0,22.5,,,,,,,,,,,,,,,,,,,,,,,,,,,,,,,,,,
2020-03-31,201.8,179.9,,1099.7,77.2,252.8,1.9,26.7,4998.9,5503.2,,0.0,126.5,76.2,,41.5,23.9,22.799999999999983,336.0,13.4,1052.1,4.52733,7018.0,283.27969,1450.8,665.0,5251.7,1309.2,,5708.8,7018.0,4998.9,224.6,,29.2,,284.81354,-0.12499,80.4,-0.8,-35.6,-36.9,-38.9,-38.1,,-2.0,,109.6,118.5,118.49999999999999,,,-3.3999999999999995,,-13.5,447.5,-40.4,273.5,42.19999999999999,,-94.7,53.2,576.8,8.200000000000003,733.8,,,-37.0,-42.80000000000001,ICP.L,L,1086.9,1.5,,,,,1.3,,,,12.8,,,,,,,,,,,,,,,,,,,,,,,,,,,,,,,,,,244.8,,,,
2019-09-30,245.0,179.9,,362.5,77.2,,0.9,14.3,4947.6,6278.0,,0.0,54.3,268.9,,203.8,279.1,8.5,406.5,20.3,1154.2,4.93873,7262.0,282.86607,670.3,675.4,4955.2,1411.3,,5850.7,7262.0,4955.2,253.5,,29.1,,284.68197,0.50758,274.9,1.4,144.5,147.5,153.4,152.0,,5.9,,304.0,122.9,122.9,,,-2.7,,0.9,104.0,-2.7,-75.4,-306.8,,-93.8,-26.8,346.3,-48.5,-0.9,,,,-100.0,ICP.L,L,353.1,15.4,,,,,-3.0,,,,9.4,,,,,,,,,,,,,,,,,,,,,,,,,,,,,,,,,,230.5,,,,
2019-03-31,227.1,179.5,,431.3,77.2,0.0,0.2,15.4,4632.5,5648.9,,0.0,51.6,17.2,,123.6,123.0,8.400000000000006,350.5,12.6,1126.7,4.83621,6518.3,282.86607,718.4,367.7,4632.5,1383.4,,5134.9,6518.3,4632.5,235.5,,23.1,,283.42438,0.19794,157.0,13.6,56.1,59.5,58.9,45.3,,-0.6,,180.1,107.6,111.70000000000002,,,-2.7,,-4.799999999999999,-71.3,10.2,112.0,-103.0,,-92.60000000000001,26.599999999999998,64.9,-15.199999999999996,77.5,,,12.9,-28.4,ICP.L,L,354.0,10.9,,,,,-3.4,4.1,,,77.3,,,,,,,,,,,,,,,,,,,,,,,,,,,,,,,,,,219.8,,,,
2020-03-31,26.7,227.4,80.8,80.8,3.1,0.7,2.1,,628.6,1208.6,,0.0,0.0,0.1,,2.6,0.0,0.6999999999999993,46.8,60.1,380.1,1.9938,1377.1,306.14843,108.2,47.6,714.9,610.6,,766.5,1377.1,714.2,27.4,,30.7,0.8,306.2,-0.32508,44.1,-11.2,-99.8,-99.8,-100.7,-89.5,,-0.9,,74.8,8.4,133.60000000000002,0.4,,-14.799999999999999,13.0,0.1,89.6,-51.599999999999994,18.9,-13.299999999999999,0.3999999999999999,0.1,,122.80000000000001,,56.900000000000006,-100.69999999999999,132.5,-36.8,-33.0,NRR.L,L,,,,,0.0,124.0,,,,,,,,0.2,,,,,,,,,,,,,,,,,,,,,,,,,,,,,,,,,,,
2019-09-30,29.2,227.2,23.9,23.9,3.1,3.6,1.9,,493.3,1293.8,,0.0,,0.3,,2.2,0.0,0.0,51.4,34.3,515.1,2.43535,1381.2,306.07518,53.1,55.3,580.0,745.4,,635.8,1381.2,576.4,29.2,,24.3,0.8,305.6,-0.0697,45.7,-13.0,-21.3,-21.3,-20.9,-7.9,,0.4,,70.0,10.5,53.60000000000001,0.0,,-9.4,4.7,-0.1,-41.0,11.2,26.6,-9.1,0.8,-0.1,,-10.4,0.3,-3.2,-20.9,55.8,20.6,-30.8,NRR.L,L,,,,,0.0,42.3,,,,,,,,,,,,,,,,,,,,,,,,,,,,,,,,,,,,,,,,,,,
2019-03-31,34.6,225.0,27.1,27.1,3.1,0.0,1.6,,502.7,1261.7,,0.0,0.0,0.3,,0.6,0.7,0.0,50.9,28.1,568.0,2.61226,1352.2,304.75574,61.7,51.2,502.7,796.1,,556.1,1352.2,502.7,34.6,,27.0,0.7,303.1,-0.12966,46.1,-12.1,-39.6,-39.6,-39.6,-27.6,,0.0,,73.1,9.8,73.7,0.4,,-12.886000000000001,7.565000000000001,1.4540000000000002,-42.179,23.218000000000004,15.719000000000001,-20.667,0.743,-0.016000000000000014,,-11.014,-0.151,-3.2420000000000044,-39.683,75.326,36.104,-30.998000000000005,NRR.L,L,,,,,0.1,62.8,,,,,,,,0.0,,,,,,,,,,,,,,,,,,,,,,,,,,,,,,,,,,,
2020-03-31,185.8,227.0,665.9,665.9,171.3,59.9,261.6,1.2,2235.6,0.0,,0.0,2.7,42.0,296.7,949.5,2686.0,1.8999999999999773,,3171.8,1017.0,3.96284,6762.5,421.03656,861.2,184.4,3714.8,1712.0,4.9,5050.5,6762.5,3654.9,187.7,,14.9,119.8,422.1,0.29045,621.8,-41.6,207.4,122.5,193.1,237.6,-2.9,70.6,,636.7,70.0,384.20000000000005,7.9,2.2,-138.7,59.7,25.8,106.9,-140.60000000000002,186.6,-94.30000000000001,96.49999999999999,0.0,,105.9,1.0,152.9,72.80000000000001,109.39999999999999,-1.9000000000000004,0.0,PNN.L,L,,0.1,,,,,1.1,186.5,-7.0,64.2,,18.3,,42.3,,,,,,,,,,,,,,,,,,,,,,,,,,,,,,,,,,,
2019-09-30,497.7,226.0,528.0,528.0,171.3,124.9,303.4,89.6,2032.1,58.2,,0.0,2.0,61.6,296.7,460.9,267.7,0.0,,4673.0,913.7,2.69677,6530.0,420.87386,1058.4,457.8,3824.0,1607.7,30.7,4922.3,6530.0,3699.1,497.7,,57.2,103.2,421.5,0.2828,655.2,-12.5,133.6,133.5,163.1,182.9,-7.3,29.6,,712.4,104.6,472.3,-2.2,2.5,-194.7,38.0,26.8,-43.3,-182.7,179.4,-104.0,100.7,85.6,,41.1,2.6,-46.6,133.5,46.7,12.0,-172.6,PNN.L,L,,1.1,,,,,0.1,266.7,-7.0,99.0,,172.3,,383.1,,,,,,,,,,,,,,,,,,,,,,,,,,,,,,,,,,,
2019-03-31,484.8,223.6,569.6,569.6,171.1,150.4,305.1,92.1,3498.7,51.1,68.1,0.0,11.8,62.7,296.7,464.8,258.8,0.0,298.0,4509.4,987.2,2.85717,6459.5,420.5206,1095.0,511.1,3649.1,1678.6,28.8,4780.9,6459.5,3498.7,484.8,,15.0,117.2,420.9,0.36992,617.6,-49.2,222.9,168.6,201.4,254.0,-3.4,32.8,,632.6,67.2,363.6,-3.9,2.7,-174.1,52.50000000000001,17.0,198.5,-231.10000000000002,178.6,-65.9,97.0,0.0,,197.1,1.3999999999999995,146.0,106.6,38.2,-57.0,0.0,PNN.L,L,,1.2,,,,,0.3,183.1,-8.6,,,,,385.0,,,,,,,,,,,,,,,,,,,,,,,,,,,,,,,,,,,
2019-12-29,,249.686,49.756,49.756,138.234,,42.007,616.787,323.822,,,9.95,4.081,24.84,,71.686,1.211,,188.287,335.71,13.979,-0.43721,1064.831,491.49623,111.123,223.077,336.112,401.899,9.274,662.932,1064.831,326.162,21.924,,478.029,,491.00015,0.06685,79.13,-8.16,38.373,38.373,50.375,58.535,,12.002,,557.159,24.493,20.595000000000027,-3.898,2.589,-39.974,7.245,6.206,-30.662,-12.649000000000001,61.184,-0.07800000000000296,18.07,0,-0.027000000000000003,-13.137999999999998,0,17.846000000000004,50.375,-9.772000000000006,27.325,-17.524,RTN.L,L,,,,,,,,,,,,,,,26.088,,,,,,,,,,,,,,,,,,,,,,,,,,,,,,,,,,
2019-06-30,,249.686,31.91,31.91,138.234,,40.286,617.172,346.111,,,0.0,,11.703,,90.884,1.285,,177.3,334.439,-15.458,-0.49789,1038.746,491.49623,85.85,189.003,346.111,372.462,8.491,666.284,1038.746,346.111,20.651,,452.537,,490.80795,0.10543,63.356,-8.402,-78.779,-78.779,-87.67,-79.268,,-8.891,,515.893,26.9,142.62399999999997,115.724,,-38.332,7.393,4.046,-9.082,-38.332,13.419,-20.173,24.991,0,0.002,-9.082,0,-33.993,-87.67,96.271,0.0,0.0,RTN.L,L,,,,,,,,,,,,,,,24.798,,,,,,,,,,,,,,,,,,,,,,,,,,,,,,,,,,
2019-12-31,38.7,1380.0,288.8,288.8,210.9,284.2,793.4,1764.4,3071.7,,610.1,0.0,143.2,442.9,-206.6,826.8,533.7,759.5999999999999,,3891.7,-400.7,-0.55459,8291.2,1407.89795,1491.3,1474.8,4496.8,983.6,191.5,7307.6,8291.2,4212.6,798.3,,591.6,16.0,1405.17378,-0.37856,232.1,-141.4,-1797.3,-1797.3,-1921.8,-1772.7,-7.7,-124.5,,823.7,40.4,2004.8000000000002,1946.7,,-269.79999999999995,120.4,-31.599999999999994,-457.59999999999997,-272.9,661.3000000000001,105.99999999999999,421.3,-120.4,-4.3,-304.6,,-73.5,-1921.8000000000002,2055.7999999999997,-3.0999999999999996,-32.60000000000001,TLW.L,L,,,,,,,0,1.7,,95.4,,652.3,-8725.1,,69.5,12616.8,,,,,,,,,,,,,,,,,,,,,,,,,,,,,,,,,
2019-06-30,225.6,1371.9,362.3,362.3,210.3,290.8,1152.0,1860.3,3285.4,0.0,593.7,0.0,1063.5,497.3,-195.4,720.1,698.1,795.6,,4902.8,1424.7,0.67783,10813.3,1403.3,2758.4,1627.6,4792.9,2811.5,243.9,8001.8,10813.3,4502.1,1021.2,,375.1,12.5,1447.8,0.10949,526.5,-113.3,103.2,103.2,268.4,387.6,-5.9,165.2,,901.6,42.6,138.89999999999998,85.1,,-251.1,95.0,122.6,-175.8,-239.1,597.4,-143.7,303.3,-95.0,0.0,-12.5,,182.5,268.4,169.4,12.0,-68.3,TLW.L,L,,0.0,,,,,0,-1.3,,127.6,,711.9,-7475.6,,67.5,12378.4,,,,,,,,,,,,,,,,,,,,,,,,,,,,,,,,,
2020-01-31,10.8,202.2,5.5,5.5,3.4,40.8,,6.0,144.0,,,3.5,1.1,7.5,-0.5,1.3,3.2,0.0,45.0,174.0,16.4,-0.28774,568.8,341.6264,71.8,96.8,293.5,221.5,54.4,347.3,568.8,249.2,10.8,,164.6,,341.60126,0.10363,91.3,-4.2,32.4,32.4,40.9,45.1,,8.5,,255.9,,46.20000000000002,2.5,,-4.699999999999999,4,6.8999999999999995,-81.9,-4.699999999999999,83.80000000000001,9.799999999999997,25.299999999999997,-4,,-50.9,,-2.8,40.900000000000006,7.799999999999999,0.0,-27.0,CARD.L,L,,,,,,,,43.7,-0.3,,,,-276.0,313.8,,450.0,,,,,,,,,,,,,,,,,,,,,,,,,,,,,,,,,
2019-07-31,19.4,202.2,4.8,4.8,3.4,39.4,,4.9,173.8,,,0.0,6.7,5.4,5.3,0.6,4.3,0.0,54.2,176.4,11.0,-0.29073,603.0,341.54931,101.1,99.0,320.9,221.9,70.2,381.1,603.0,281.5,19.4,,124.7,,341.54931,0.05592,70.9,-4.2,19.5,19.5,24.3,28.5,,4.8,,195.6,,42.39999999999999,0.0,,-9.8,4,7.7,-16.0,-9.4,26.4,-26.4,24.6,-4,,9.9,,1.0,24.3,3.9,0.4,-21.9,CARD.L,L,,,,,,,,42.4,,,,,-265.6,316.3,,442.0,,,,,,,,,,,,,,,,,,,,,,,,,,,,,,,,,
2019-01-31,8.6,202.2,3.8,3.8,3.4,39.0,,320.2,143.7,,,0.0,2.3,7.9,1.3,1.1,2.5,0.0,58.2,176.3,13.2,-0.29308,582.3,341.54931,83.3,105.1,295.0,220.1,68.6,362.2,582.3,256.0,8.6,,153.3,,341.54917,0.12385,97.4,-4.3,29.9,29.9,39.8,44.1,,9.9,,250.7,,53.29999999999998,12.2,,-6.5,4,7.800000000000001,-71.30000000000001,-6.3,76.2,-4.699999999999999,24.5,-4,,-40.300000000000004,,-1.4000000000000004,39.800000000000004,16.6,0.2,-27.0,CARD.L,L,,,,,,,,41.1,,,,,,,,,,,,,,,,,,,,,,,,,,,,,,,,,,,,,,,,,
2019-12-31,39.374,1343.918,,49.763,2.448,15.252,42.966,375.736,222.446,7.026,0,15.047,20.167,152.41,16.703,,5.663,11.369999999999997,,36.372,-230.364,-5.55423,1658.694,61.20645,136.973,243.251,270.071,1132.705,3.969,525.989,1658.694,239.772,50.744,,65.252,22.625,61.59019,-1.26704,171.263,,-78.044,-78.044,-65.136,-65.136,,12.908,,236.515,140.928,236.399,0.01,,-4.073999999999999,4.775,1.594,9.924999999999955,-4.073999999999955,-15.828000000000003,18.277,22.625,-6.402,0.45499999999999996,16.298000000000002,0.028999999999996362,-9.522000000000002,-78.044,21.313999999999997,0.0,,JET.L,L,49.763,,,,,8.385,,64.451,,60.542,,,,1096.924,12.33,,,,,,,,,,,,,,,,,,,,,,,,,,,,,,,,,,
2019-06-30,25.583,1323.312,,59.285,2.448,0.0,31.083,382.785,225.587,7.026,0,0.0,,66.358,2.476,,61.961,1.2600000000000016,,35.383,-137.193,-3.18642,1615.63,61.19288,125.231,140.036,253.468,1191.043,6.04,424.587,1615.63,253.468,26.843,,45.64,14.935,54.42752,-0.76001,133.726,,-37.446,-37.446,-22.969,-22.969,,14.477,,179.366,119.252,156.695,-6.03,,-4.376,2.614,1.123,509.778,-492.619,-47.942,-44.231,14.935,,0.51,90.497,419.281,-30.273,-37.446,18.8,-488.243,,JET.L,L,59.285,,,,,7.912,,20.626,,73.678,,,,1003.244,33.063,,,,,,,,,,,,,,,,,,,,,,,,,,,,,,,,,,
2019-12-31,0.593,,0.211,0.211,1246.559,,,,,772.722,,0.0,,,,,,0.0,,,-474.867,9.65862,773.526,79.89673,0.804,1.834,0.0,771.692,,1.834,773.526,0.0,0.593,,,,79.89673,-3.58519,,-0.005,-286.445,-286.445,-286.445,-286.44,,,,-282.827,2.163,3.613,,,,,,0.042,0.0,-2.864,283.56,,,-0.020999999999999998,,0.042,-2.843,-286.44000000000005,0.015999999999999997,0.0,,RSE.L,L,,,,,,,,1.45,,1.834,,,,,,,,,,,,,,,,,,,,,,,,,,,,,,,,,,,,,,,
2019-06-30,0.217,,3.054,3.054,1246.517,,,,,1055.549,,0.0,,,,,,0.0,,,-188.422,13.24328,1058.82,79.89673,3.271,0.725,0.0,1058.095,,0.725,1058.82,0.0,0.217,,,,79.89673,-4.67008,,0.03,-373.124,-373.124,-373.124,-373.154,,,,-371.336,0.688,1.818,,,,,,-0.042,2.1,-1.146,371.988,,,0.01,,-0.042,0.922,-373.154,0.02,2.1,,RSE.L,L,,,,,,,,1.13,,0.725,,,,,,,,,,,,,,,,,,,,,,,,,,,,,,,,,,,,,,,
2020-03-31,,207.9,,64.3,1.2,0.3,,0.1,460.6,,296.5,0.0,0.1,105.7,,11.8,6.6,,0.8,2.6,-41.7,0.35196,760.4,475.33376,454.6,119.5,462.0,167.4,,593.0,760.4,461.7,388.9,,,,475.3,-0.15106,,,-73.1,-73.1,-91.4,-91.4,,-18.3,,76.2,,167.6,2,,0.19999999999999996,15.0,,-50.599999999999994,0.19999999999999996,84.5,201.2,0.09999999999999998,,,-35.9,,34.1,-73.1,-43.7,,-14.700000000000003,AMGO.L,L,64.3,,,,,6.7,,158.9,,0.8,,11.9,,,1.3,,,,,,,,,,,,,,,,,,,,,,,,,,,,,,,,,,
2019-12-31,,207.9,,30.2,1.2,0.2,,0.1,496.8,,303.0,0.0,0.1,13.4,,5.3,6.0,,,2.6,45.6,0.53562,790.2,475.33376,478.5,32.3,498.1,254.7,,535.5,790.2,497.9,447.2,,,,479.6,0.01856,,,8.9,8.9,11.2,11.2,,2.3,,72.6,,61.4,0,,-1.1,0.20000000000000107,,-27.9,-1.1,31.3,62.9,0.2,,,-27.9,,2.3000000000000007,8.899999999999999,-40.7,,0.0,AMGO.L,L,30.2,,,,,6.8,,54.6,,0.8,,17.9,,,1.0,,,,,,,,,,,,,,,,,,,,,,,,,,,,,,,,,,
2019-09-30,,207.9,,27.9,1.2,0.2,,0.1,524.2,,316.7,0.0,0.1,6.8,,1.2,6.3,,,1.4,36.6,0.51669,792.5,475.33376,468.0,20.9,524.9,245.7,,546.8,792.5,524.7,438.6,,,,484.5,0.03901,,,18.9,18.9,19.7,19.7,,0.8,,73.9,,54.2,0,,-0.2,11.3,,-7.1,-0.2,7.7,35.5,0.1,,,28.299999999999997,,0.3999999999999986,18.9,-46.8,,-35.4,AMGO.L,L,27.9,,,,,6.8,,47.4,,0.8,,13.1,,,1.4,,,,,,,,,,,,,,,,,,,,,,,,,,,,,,,,,,
2019-06-30,,207.9,,27.5,1.2,0.2,,0.1,495.2,,319.0,0.0,0.1,11.5,,,6.5,,,1.4,53.1,0.5514,789.2,475.33376,462.2,31.2,496.0,262.2,,527.0,789.2,495.8,433.1,,,,474.7,0.03813,,,18.1,18.1,22.6,22.6,,4.5,,71.5,,48.9,0,,-0.2,2.3,,14.0,-0.2,-1.5,19.6,0.1,,,14.0,,12.3,18.1,-39.3,,0.0,AMGO.L,L,27.5,,,,,10.4,,38.5,,1.6,,17.9,,,1.5,,,,,,,,,,,,,,,,,,,,,,,,,,,,,,,,,,
2019-12-31,33.6,292.3,,164.5,0.3,8.5,,23.6,,14.9,,614.5,708.6,3.1,8.0,0.9,,0.0,19.7,39.0,18.4,0.81544,995.5,348.39927,906.7,645.8,652.8,319.0,,676.5,995.5,29.8,33.6,,,7.8,348.5,-0.09011,,0.0,-53.7,-53.7,-53.4,-53.4,,0.3,,86.0,76.1,139.4,34.3,3.4999999999999996,-9.1,,,469.2,-563.5,-8.899999999999999,-0.30000000000000004,4.3,0,-2.3000000000000003,469.00000000000006,0.19999999999999996,-105.5,-53.400000000000006,37.0,-554.4000000000001,0,FCH.L,L,164.5,,,,,,,21.2,,,,,,11.3,,,,,,,,,,,,,,,,,,,,,,,,,,,,,,,,,,,
2019-06-30,27.8,292.2,,270.0,0.4,5.6,,23.7,,7.6,,146.8,179.9,3.5,16.7,0.9,,0.0,24.3,25.3,67.8,0.89442,576.6,347.82387,477.7,180.2,170.8,377.1,,199.5,576.6,18.4,27.8,,,7.1,346.7,-0.08941,,0.5,-31.0,-31.0,-30.8,-31.3,,0.2,,81.4,80.7,112.7,0.0,3.6,-8.1,,,143.2,-188.3,-18.1,1.8,3.5,0,0.2,142.7,0.5,-63.0,-30.8,3.8,-180.2,0,FCH.L,L,270.0,,,,,,,24.9,,,,,,42.3,,,,,,,,,,,,,,,,,,,,,,,,,,,,,,,,,,,
2019-12-31,637,282,442,465.0,41,518,20,552,48,29,,60.0,17,434,-235,203,257,112.0,,962,2030.0,5.29467,3930.0,242.31917,1848,1471,685.0,2117.0,568,1813.0,3930.0,107.0,749,,560,,242.89882,1.5068,600,-10,301.0,302.0,265.0,288.0,-13.0,-37,68,1160.0,237,312.0,-26,3,-104,19,84,-65.0,-98,285.0,-24.0,37,-10,-2,-21,,120.0,265,4,6,-34,HIK.L,L,,12,,-1,,,-1,33,,286,23,173,,282,49,,,,,,,,,,,,,,,,,,,,,,,,,,,,,,,,,,
2019-06-30,610,282,322,344.0,40,514,16,520,40,30,,77.0,26,337,-242,318,164,88.0,10.0,912,1753.0,4.26994,3606.0,241.45539,1699,1324,695.0,1832.0,579,1774.0,3606.0,104.0,698,,499,,243.10118,0.77745,544,-24,185.0,185.0,226.0,250.0,,41,58,1043.0,216,294.0,-4,23,-82,25,24,-90.0,-53,187.0,-128.0,36,-38,2,11,,46.0,226,30,29,-63,HIK.L,L,,12,,-1,,,0,24,,238,22,148,,281,52,,,,,,,,,,,,,,,,,,,,,,,,,,,,,,,,,,
2020-04-30,219,,3371,3971.0,6132,350,22,34,48,19,,0.0,389,1581,-44,241,231,6.0,,965,10581.0,11.70858,7764.0,260.749,4862,2713,398.0,4740.0,,3024.0,7764.0,48.0,225,,426,2,264.0,4.10606,2576,8,1084.0,1084.0,1408.0,1413.0,-13,324,332,3002.0,829,1163.0,,7,-39,,,-254.0,-15,1937.0,736.0,47,-96,-10,-13,-6,1658.0,1084,135,24,-139,INTU,L,,,,-11929,,,,,,384,600,398,,1653,277,,,,,0,,,,,,,,,,-72,,,,,,,,,,,,,,,,,,,
2020-01-31,603,,1641,2266.0,6014,38,55,41,373,13,,0.0,461,1393,-35,342,247,52.0,,1055,9637.0,7.79604,6701.0,260.517,3690,2204,411.0,3727.0,,2974.0,6701.0,373.0,655,,340,1,264.0,0.90909,1356,8,240.0,240.0,282.0,270.0,4,42,333,1696.0,752,1086.0,,8,-30,,,-217.0,-39,317.0,-91.0,49,14,-2,-12,-80,59.0,240,123,-9,-139,INTU,L,,,,-11889,,,,,,455,625,318,,1655,308,,,,,0,,,,,,,,,,-12,,,,,,,,,,,,,,,,,,,
2019-10-31,104,,1630,2255.0,5881,50,68,49,373,13,,0.0,413,1179,-35,352,224,86.0,,1080,9537.0,7.40911,6183.0,260.355,3162,1757,423.0,3633.0,,2550.0,6183.0,373.0,190,,290,2,264.0,0.21591,875,10,57.0,57.0,22.0,10.0,2,-35,334,1165.0,529,865.0,,8,-38,,,-325.0,-57,-127.0,-354.0,49,-94,0,-13,-77,-509.0,57,131,-19,-141,INTU,L,,,,-11750,,,,,,272,625,256,,1655,304,,,,,0,,,,,,,,,,-18,,,,,,,,,,,,,,,,,,,
2019-07-31,87,5772.0,2116,2740.0,3,50,37,54,386,13,,0.0,436,1257,-36,145,187,65.0,,780,9621.0,7.84073,6283.0,260.18,3594,1966,436.0,3749.0,,2534.0,6283.0,386.0,152,,281,2,260.0,-0.16923,713,16,-44.0,-44.0,-137.0,-153.0,0,-93,333,994.0,531,866.0,,7,-26,,,-409.0,-249,-122.0,-275.0,52,-175,3,-12,-95,-777.0,-44,101,-223,-127,INTU,L,,,,-11611,,,,,,274,624,385,,1655,266,,,,,0,,,,,,,,,,37,,,,,,,,,,,,,,,,,,,
2019-04-30,262,,2946,3346.0,5782,50,13,43,398,13,,0.0,383,1547,-38,145,202,3.0,,799,9789.0,9.31617,6917.0,259.334,4249,2291,448.0,4070.0,,2847.0,6917.0,398.0,265,,354,1,264.0,5.2197,2918,10,1378.0,1378.0,1797.0,1784.0,3,419,311,3272.0,822,1134.0,,6,-49,,,-215.0,-209,2248.0,735.0,48,-70,-4,35,-57,1820.0,1378,104,-160,-123,INTU,L,,,,-11463,,,,,,383,400,311,,1611,255,,,,,0,,,,,,,,,,-23,,,,,,,,,,,,,,,,,,,
2019-12-31,,1964.0,,,0.0,,15.0,168.0,591,,,,,,,342,0,,,856.0,-381.0,8.20668,21400.0,172.42046,,,1182.0,1583.0,,19817.0,21400.0,932.0,,,,,147.42,-0.90927,,,-183.9,-183.9,-134.2,,,49.7,,,,,,,-127,95,,437.0,-437,691.0,699.0,39,96.0,,325,16,691.0,-134,87,-310,,MTRO.L,L,,,,,,,,,,,,,,,,,,,,,,141,,,,,,,,,2092.2999999999997,,14681.0,3192.69,18278.0,244.2,7.3,134.6,141.9,-322.0,53.2,102.3,,,,,,250.0,
2019-06-30,,1964.0,,,0.0,,,217.0,249,,,,,,,319,560,,,798.0,-197.0,8.99072,21357.0,172.4,,,1767.0,1767.0,,19590.0,21357.0,591.0,,,,,122.425,0.01593,,,1.3,1.3,3.4,,,2.1,,,,,,,-47,79,,359.0,1038,-1680.0,-1696.0,19,,,0,359,-283.0,-1,-2,1085,,MTRO.L,L,,,,,,,,,,,,,,,,,,,,,,125,,,,,,,,,1608.6,,14989.0,2852.58,17504.0,252.0,4.4,161.8,166.2,-212.7,54.3,85.8,,,,,,1176.0,
2019-12-31,48,,253,253.0,2424,217,196,,1518,2,10,0.0,14,61,-1302,119,187,149.0,153,2841,806.0,4.06646,4244.0,470.1882,1188,431,1764.0,1928.0,644,2316.0,4244.0,1547.0,197,,666,5,481.02832,0.74023,634,-62,328.0,330.0,408.0,473.0,-3,78,11,1300.0,91,161.0,31,,-247,38,59,-268.0,-247,569.0,-105.0,136,-5,-2,-169,,52.0,408,130,0,-94,POLY.L,L,,23,,,,0,,23,1.0,,,,-1157,16,80,3998,,,,,,,,,,,,,,,,,,,,,,,,,,,,,,,,,
2019-06-30,79,,201,201.0,2424,199,164,,1703,2,18,0.0,0,142,-1351,89,180,127.0,137,2713,566.0,3.45201,4127.0,470.16112,1198,478,1937.0,1639.0,675,2488.0,4127.0,1738.0,206,,531,3,471.77528,0.34226,410,-65,152.0,153.0,210.0,278.0,-3,57,8,941.0,95,132.0,13,,-189,43,48,-154.0,-150,127.0,-285.0,107,-8,-1,0,,-178.0,210,95,39,-146,POLY.L,L,,19,,,,0,-1.0,13,,,,,-1171,16,116,3884,,,,,,,,,,,,,,,,,,,,,,,,,,,,,,,,,
2020-01-25,67.271,10.555,52.912,52.912,2.228,216.381,3.588,42.265,0,5.088,,0.0,0.203,1.095,6.328,,18.272,6.804999999999993,99.291,276.463,129.52,1.94339,600.942,54.73208,258.854,316.767,348.337,148.631,131.663,452.311,600.942,131.956,74.076,,150.45,,54.73191,0.42907,176.2,-11.745,-49.882,-49.882,-56.863,-45.118,,-6.981,,326.65,157.89,221.31799999999998,63.226,1.89,-8.919,2.303,2.136,18.481,-15.698,57.11,13.624,27.372000000000007,-4.256,-3.7510000000000003,26.214000000000002,0.0,56.142,-49.882000000000005,64.106,-6.779,-3.4769999999999968,TED.L,L,,,,,,,,0.202,,,,,-52.461,,,201.495,,,,,,,,,,,,,,,,,,,,,,,,,,,,,,,,,
2019-08-10,70.798,10.555,11.689,11.689,2.228,39.786,5.12,42.68,41,1.808,,108.138,15.519,6.639,5.16,,7.553,0.31099999999999284,109.049,302.952,192.689,3.06863,662.914,54.73191,307.921,263.612,331.474,210.632,209.604,452.282,662.914,183.55,71.109,,129.269,,54.72994,-0.03726,174.559,-5.926,-20.535,-20.535,-22.993,-17.067,,-2.458,,303.828,174.579,191.62599999999998,17.393,,-16.904,1.953,4.817,-44.185,-16.057,41.343,9.763,37.686,,1.015,-26.047,0.0,-17.884,-20.535,14.429,0.847,-18.138,TED.L,L,,,,,,,,-0.346,,,,,-21.841,,,187.72,,,,,,,,,,,,,,,,,,,,,,,,,,,,,,,,,
2019-01-26,78.604,10.555,14.654,14.654,2.228,4.0,4.918,43.673,43,1.874,,91.496,0.316,5.548,4.856,,9.161,0.26300000000000523,108.628,131.865,210.829,3.37661,486.058,54.72797,299.485,209.672,138.496,228.468,205.648,257.59,486.058,43.0,78.867,,160.881,,54.76454,0.09019,172.685,-1.985,5.429,5.429,6.171,8.156,,0.742,,333.566,166.854,164.52900000000002,-0.557,0.0,-11.754000000000001,1.9989999999999999,8.28,1.2199999999999989,-29.813000000000002,50.64,0.38599999999999923,12.324999999999998,-3.791,-0.22300000000000003,12.953,0.030999999999999993,21.824,5.429000000000002,32.5,-18.058999999999997,-7.9730000000000025,TED.L,L,,,,,,,,-1.768,,,,,,,,,,,,,,,,,,,,,,,,,,,,,,,,,,,,,,,,,
2020-03-31,352.0,574.5,114.5,114.6,5.7,16.6,119.9,514.8,,,4.4,0.0,,187.1,22.5,11.5,34.0,20.19999999999999,,107.1,1351.1,0.81232,2475.4,161.51222,519.4,349.0,69.9,1941.7,,533.7,2475.4,53.3,372.2,,97.8,46.4,161.87706,0.37741,344.1,-1.5,51.8,51.8,68.0,69.5,,16.2,60.6,441.9,156.1,274.59999999999997,11.5,45.6,-11.900000000000002,3.0,11.699999999999996,-55.8,-9.7,106.19999999999999,-19.299999999999997,14.299999999999999,-3.0,-4.8,-27.8,0.0,35.900000000000006,51.8,13.8,2.1999999999999993,-25.0,AVV.L,L,,,,-12.1,,,,,,27.7,0.1,117.6,,1295.7,32.6,,,,,,,,,,,,,,,,,,,,,,,,,,,,,,,,,,
2019-09-30,300.6,574.5,78.6,78.6,5.7,17.3,109.2,558.7,,,3.5,20.0,,156.4,26.9,15.0,20.9,17.69999999999999,,101.4,1313.4,0.31518,2411.6,161.49719,428.3,326.0,90.3,1908.4,0.6,503.2,2411.6,53.0,318.3,,92.3,45.3,161.8683,0.18024,299.6,-1.5,18.0,18.0,24.0,25.5,,6.0,60.1,391.9,153.8,274.09999999999997,14.9,46.1,-7.2,0.3,27.6,-37.8,-30.2,15.9,-70.8,10.1,-0.3,3.5,12.3,-3.1,-48.6,18.0,12.5,-23.0,-46.7,AVV.L,L,,,,-12.1,,,,,,25.5,0.0,106.8,,1298.8,30.8,,,,,,,,,,,,,,,,,,,,,,,,,,,,,,,,,,
2019-03-31,310.9,574.5,,127.8,5.7,0.1,111.3,599.5,,0.0,2.2,0.0,,192.2,18.3,18.8,18.9,10.800000000000011,,17.1,1335.4,0.2461,2400.8,161.3,477.8,346.2,0.1,1924.5,0.8,476.3,2400.8,0.0,321.7,,98.217,45.6,162.25074,0.3589,331.872,-0.216,39.616,39.616,52.206,52.422,0.0,12.59,61.927,430.089,165.623,279.45,6.3,44.235,-3.9949999999999997,0.32299999999999995,23.782999999999998,-39.617,-23.701,100.76399999999998,-4.23,2.2220000000000004,-0.32299999999999995,-3.6559999999999997,-11.925,-4.856000000000001,33.79,39.616,18.921,-19.706000000000003,-22.512999999999998,AVV.L,L,126.5,,,-9.4,,,,,,30.8,1.3,123.1,,1285.3,27.5,,,,,,,,,,,,,,,,,,,,,,,,,,,,,,,,,,
2020-06-30,178,6,908,908.0,73,10,,63,232,,108,0.0,,194,-36,535,107,2.0,,95,15.0,-0.00683,1551.0,732.43617,1178,684,284.0,58.0,90,1493.0,1551.0,274.0,180,,19,4,900.0,0.01889,131,-5,18.0,18.0,20.0,25.0,,2,8,150.0,95,106.0,-1,,0,4,9,-2.0,0,-2.0,-31.0,5,,,-2,0,-4.0,24,0,,,INDV.L,L,,,,,,,,,,23,,457,,,,,,,,,,,,,,,,,,,,,,,,,,,,,,,,,,,,,
2020-03-31,175,6,912,912.0,73,10,,66,232,,108,0.0,,168,-33,533,78,0.0,,97,-7.0,-0.03686,1512.0,732.40833,1163,665,285.0,39.0,76,1473.0,1512.0,275.0,175,,16,6,731.982,0.08334,137,-2,-163.0,-163.0,-191.0,-189.0,,-28,10,153.0,118,326.0,192,,0,5,4,-2.0,0,-146.0,29.0,9,,0.0,-3,1,-148.0,-189,5,,,INDV.L,L,,,,,,,,,,26,,461,,,,,,,,,,,,,,,,,,,,,,,,,,,,,,,,,,,,,
2019-12-31,227,5,1060,1060.0,73,9,,72,233,,73,0.0,,110,-23,417,40,0.0,,107,154.0,0.18747,1652.0,730.78772,1360,742,293.0,209.0,73,1443.0,1652.0,284.0,227,,43,5,730.763,-0.09305,90,2,-55.0,-55.0,-42.0,-44.0,,13,17,133.0,115,134.0,-2,,-4,3,0,-4.0,1,40.0,77.0,8,,0.0,-4,0,37.0,-42,-3,5.0,,INDV.L,L,,,,,,,,-1.0,,39,,584,,,,,,,,,,,,,,,,,,,,,,,,,,,,,,,,,,,,,
2019-09-30,200,5,1023,1023.0,73,10,,73,234,,72,0.0,,88,-37,434,43,1.0,,102,211.0,0.24496,1590.0,730.7374,1300,622,292.0,252.0,76,1338.0,1590.0,282.0,201,,34,5,800.0,0.06,165,-1,48.0,48.0,56.0,57.0,,8,11,199.0,92,108.0,0,,-1,5,7,-3.0,-1,39.0,-29.0,7,,0.0,-3,0,35.0,57,4,0.0,,INDV.L,L,,,,,,,,,,46,,478,,,,,,,,,,,,,,,,,,,,,,,,,,,,,,,,,,,,,
2019-06-30,213,5,988,988.0,73,10,,77,235,,72,0.0,,82,-31,433,42,1.0,,106,158.0,0.17533,1568.0,730.04315,1271,645,295.0,205.0,69,1363.0,1568.0,285.0,214,,27,3,750.0,0.10133,188,1,75.0,75.0,89.0,88.0,,14,13,215.0,83,100.0,1,,0,5,8,-3.0,0,-63.0,-160.0,6,,0.0,-3,0,-66.0,88,3,0.0,,INDV.L,L,,,,,,,,,,25,,528,,,,,,,,,,,,,,,,,,,,,,,,,,,,,,,,,,,,,
2020-02-01,183.9,11.7,,465.9,2.4,305.4,12.5,413.7,15.6,2.6,,0.0,,34.3,,80.5,47.9,0.0,900.7,2420.1,1205.1,0.82765,4345.9,973.23316,1461.6,1240.4,2028.7,1219.2,811.8,3126.7,4345.9,1723.3,183.9,,1789.9,,973.23316,0.18834,1599.7,-36.9,152.0,152.7,218.6,255.5,,65.9,,3389.6,1288.9,1344.1999999999998,33.8,,-107.39999999999999,38.199999999999996,58.4,-283.5,-104.89999999999998,534.7,-49.2,246.9,-1.3,-9.5,-265.5,0.0,136.8,152.7,184.3,2.5,-16.7,JD.L,L,465.9,70.0,,,,27.8,-0.7,-6.3,,,,,,,,,,,,,,,,,,,,,,,,,,,,,,,,,,,,,,,,,
2019-08-03,255.5,11.7,,346.6,2.4,677.0,16.2,463.8,41.0,2.6,,0.0,,20.9,,94.9,72.6,0.0,922.3,2693.2,1135.6,0.70476,4747.5,973.23316,1515.3,1620.2,2465.9,1149.7,913.2,3597.8,4747.5,1788.9,255.5,,1446.1,,973.23316,0.12196,1275.1,-41.2,94.1,98.0,129.9,171.1,,31.9,,2721.2,1079.9,1104.0,25.1,,-69.8,41.6,39.4,-87.9,-156.8,319.3,-92.8,203.1,0.0,11.2,-87.9,0.0,85.8,98.0,111.0,-87.0,0.0,JD.L,L,346.6,77.6,,,,3.6,-3.9,-4.6,,,,,,,,,,,,,,,,,,,,,,,,,,,,,,,,,,,,,,,,,
2019-02-02,177.2,11.7,,251.2,2.4,63.8,11.0,394.3,62.2,0.1,,0.0,,28.6,,155.0,79.1,0.0,808.1,539.8,994.7,0.6314,2205.5,973.23316,1192.2,900.5,126.0,1008.8,763.8,1196.7,2205.5,62.2,177.2,,1518.1,,973.23316,0.17817,1353.4,-4.3,164.0,168.8,218.0,222.3,,49.2,,2871.5,1118.9,1131.1,9.7,,-99.6,5.0,53.0,-212.90000000000003,-80.09999999999997,302.0,-18.299999999999997,67.1,-0.6,-1.0999999999999999,-202.79999999999998,6.4,7.8999999999999915,168.79999999999998,84.4,19.5,-15.9,JD.L,L,251.2,68.0,,,,5.6,-4.8,-3.1,,,,,,,,,,,,,,,,,,,,,,,,,,,,,,,,,,,,,,,,,
2019-12-31,717.1,684.3,390.8,390.8,1.6,26.8,,204.8,651.8,116.8,58.2,0.0,0,341.8,-0.2,231.7,365.4,10.299999999999955,,202.9,-299.8,-2.19349,2657.7,162.11587,1172.9,1238.3,828.2,385.9,54.7,2271.8,2657.7,801.4,727.4,,1657.7,11.8,161.8,0.22497,161.5,-16.0,-91.2,-35.8,-41.2,-25.2,,-5.4,,1819.2,120.2,186.70000000000005,60.2,15.3,-3.2,16.2,-4.9,122.0,1.9,-42.6,-60.2,22.8,-16.2,-2.2,139.1,-0.9,79.1,-41.2,20.7,5.1,0.0,KIE.L,L,,0.4,,,,-5.5,0.1,,,351.2,,518.5,,536.7,,,,,,,,,,,,,,,,,,,,,,,,,,,,,,,,,,,
2019-06-30,838.9,684.3,311.7,311.7,1.6,31.4,0.0,766.7,473.6,237.9,57.5,0.0,2,159.0,2.5,145.2,142.8,9.100000000000023,1311.0,57.3,-169.3,-1.5273,2641.8,162.11587,1379.6,1501.4,507.0,519.1,217.9,2122.7,2641.8,475.6,848.0,,1815.5,,161.3,0.64352,152.4,-12.6,-179.8,-153.8,-184.2,-171.6,,-30.4,,1967.9,111.5,324.0,215.4,13.600000000000001,-14.7,12.200000000000001,1.0,-131.20000000000002,-53.0,62.499999999999986,62.0,8.4,-12.2,-0.6,-106.4,-4.699999999999989,-122.3,-194.0,172.5,-38.300000000000004,-7.899999999999999,KIE.L,L,,0.5,,,,-2.9,-0.8,,,,,,,,,,,,,,,,,,,,,,,,,,,,,,,,,,,,,,,,,,
2020-01-31,209.0,519.3,24.8,97.9,11.2,,4.2,57.1,624.3,49.0,274.2,9.5,,7.7,-20.4,646.4,56.1,0.0,185.9,450.7,73.2,-0.22045,2094.8,1121.8092,,,662.4,588.2,5.4,1506.6,2094.8,652.9,209.0,4.9,214.5,,1119.5,-0.08633,186.9,,-358.6,-358.6,-353.5,-353.5,,5.1,,401.4,125.7,540.4,399.3,398.6,-31.400000000000034,12.2,9.0,-67.20000000000002,-42.79999999999998,20.900000000000006,-63.199999999999996,22.6,-6.6000000000000005,,-46.0,,-89.10000000000001,-353.5,16.400000000000002,-11.399999999999999,-14.600000000000001,SAGA.L,L,73.1,,,,,15.4,,,,,,,,778.4,,,,,,,,117.0,,,,,,,,,,,,,,,,,,,,,,,,,,,
2019-07-31,239.1,519.3,64.7,158.6,11.2,,6.7,62.3,675.7,49.0,262.2,3.2,,9.3,9.5,688.7,16.8,0.0,193.3,454.0,443.7,-0.22235,2599.5,1121.64163,,,713.6,987.9,4.7,1611.6,2599.5,710.4,239.1,4.2,211.4,,1125.0,0.04334,184.5,,45.8,45.8,52.6,52.6,,6.8,,395.9,125.6,131.9,1.2,9.5,-263.9,7.7,16.1,213.3,-213.4,71.0,-18.4,21.1,-1.3,,225.8,,70.9,52.6,6.2,50.5,-11.2,SAGA.L,L,93.9,,,,,5.1,,,,,,,,1175.0,,,,,,,,177.8,,,,,,,,,,,,,,,,,,,,,,,,,,,
2019-01-31,216.6,519.3,31.0,122.9,11.2,,7.8,62.8,481.7,426.2,,0.0,,17.2,17.5,648.1,14.9,0.0,207.5,204.0,414.7,-0.24687,2323.2,1121.64163,,,481.7,960.9,4.0,1362.3,2323.2,481.7,216.6,-1.8,206.9,,1119.5,-0.04132,204.0,,-249.9,-249.9,-243.6,-243.6,,6.3,,410.9,124.5,447.6,315.9,319.3,-32.9,7.800000000000001,17.9,-55.1,-25.5,66.60000000000001,-40.800000000000004,26.300000000000004,0.0,,-21.5,,-14.0,-243.8,5.6,7.400000000000006,-33.60000000000001,SAGA.L,L,91.9,,,,,7.2,,,,,,,,1175.0,,,,,,,,96.8,,,,,,,,,,,,,,,,,,,,,,,,,,,
2020-02-29,40.167,324.368,9.802,9.802,37.465,67.469,5.736,54.669,74.757,6.366,8.0,0.0,11.408,9.691,0.0,38.455,,0.0,61.899,319.831,-251.574,0.12285,464.136,394.22219,75.27,139.059,245.257,103.098,13.893,361.038,464.136,177.788,40.167,,,15.086,390.7442,-0.15022,,-5.19,-117.011,-126.143,-131.351,-126.233,0.072,-5.208,,77.044,45.105,203.277,62.947,3.7170000000000005,-1.600999999999999,5.396,0.0,6.077999999999999,-0.39199999999999946,-3.6090000000000018,6.696,11.369,-6.548,,12.637999999999998,-0.012,2.077,-131.351,105.96000000000001,1.209,0.0,STOB.L,L,,,,-7.161,,7.829,,72.31,,,,,,,,,,,,,,,,,,,,,,,,,,,,,,,,,,,,,,,,,
2019-08-31,56.64,324.379,7.725,7.725,37.082,68.394,10.021,88.268,50.667,42.537,47.012,0.0,2.082,52.2,-0.732,29.83,,0.0,49.699,343.332,-107.794,0.40114,610.336,388.6643,89.187,170.293,224.41,244.176,22.74,366.16,610.336,156.016,56.64,,,15.093,385.46604,-0.014,,-3.325,-20.884,-23.451,-26.633,-22.087,-1.221,-3.182,,93.131,,115.218,16.723,3.739,-13.031,2.809,,21.264,-9.359,-18.612,-15.163,11.354,-2.491,,34.88,0.0,-6.707,-26.633,8.091,3.672,-11.125,STOB.L,L,,,,-8.759,,2.236,,81.166,,,,,,,,,,,,,,,,,,,,,,,,,,,,,,,,,,,,,,,,,
2019-02-28,41.271,324.379,14.432,14.432,37.082,13.433,13.56,100.482,57.567,59.377,44.642,0.0,1.474,45.395,0.48,40.041,,0.0,53.648,262.915,-52.833,0.50551,547.152,388.6643,79.736,112.476,97.554,296.954,22.559,250.198,547.152,84.121,41.271,,,10.722,371.88339,-0.02955,,-1.885,-40.683,-33.56,-31.499,-28.674,-0.94,2.061,,77.46,,106.134,20.744,1.969,-13.469000000000001,1.3810000000000002,0.0,-5.872,-14.445,5.347000000000001,10.444,8.753,3.685,,-12.999,24.702,-14.969999999999999,-31.498999999999995,15.68,-0.9759999999999991,-21.259999999999998,STOB.L,L,,,,-12.154,,5.084,,69.584,,,,,,,,,,,,,,,,,,,,,,,,,,,,,,,,,,,,,,,,,
